3198 4938
712 343 860 399 ,7-

223 513 342 587 quidem
362 531 476 590 „quaro
494 514 583 572 etiam
603 517 692 587 atque
710 509 819 572 etiam“
839 506 956 591 (1295,
979 511 1070 588 1049,
1094 511 1202 568 11311
1223 553 1231 568 .
1250 505 1271 583 .)
1290 528 1349 569 101

222 599 330 657 idonea
347 597 493 677 videntur,
519 617 582 657 cum
601 598 708 672 quibus
727 598 896 673 iungantur.
906 602 1014 671 negata
1034 596 1086 654 illa
1106 595 1246 673 „minime
1261 596 1347 655 mira·

222 684 282 742 rier
300 689 345 743 est
362 681 437 758 par“
457 703 483 743 e.
503 703 531 759 g.
551 685 592 743 IV
610 684 672 742 289

339 787 431 844 quare
450 770 538 829 etiam
558 774 647 843 atque
665 768 752 828 etiam
770 768 889 826 minime
907 767 1041 825 mirarier
1059 771 1104 825 est
1122 783 1185 840 par,

274 854 312 914 cf.
342 889 748 896 —--—----—-—
772 855 875 927 procul
886 857 932 913 est
943 859 976 912 ut
986 853 1107 912 credere
1118 851 1213 926 possis
1226 852 1265 910 lV
1275 851 1347 912 856.

221 941 314 999 Porro
332 959 400 998 uum
418 945 506 1014 putas
523 959 572 999 vv.
592 941 618 999 V
636 939 708 999 855.
728 940 746 997 6

264 1026 415 1099 multaque
432 1031 493 1084 tum
512 1026 660 1085 interiissc
680 1026 858 1084 animantum
878 1025 977 1084 saecla
999 1028 1205 1084 necessest

265 1127 333 1168 nec
354 1112 534 1185 potuisse
556 1111 749 1186 propagando
768 1110 932 1183 procudere
951 1112 1063 1184 prolem

220 1195 347 1255 futurum
365 1195 455 1255 inisse
480 1203 512 1257 ut
537 1197 581 1256 ita
602 1196 872 1272 conformarentur,
899 1195 955 1254 nisi
980 1194 1191 1254 antecederent
1213 1194 1348 1253 similiter

221 1284 301 1340 elata

259 1372 292 1425 ut
309 1368 503 1442 propagando
526 1367 680 1442 possint
700 1364 912 1442 procudere
934 1368 1034 1425 saecla
1053 1361 1164 1446 (850)?

219 1453 266 1511 Ne
286 1469 418 1528 opponas
436 1452 560 1511 eandem
578 1452 700 1511 formam
720 1455 838 1510 exstare
857 1451 897 1510 IV
916 1451 988 1511 495.
1009 1452 1027 1508 6

646 1538 773 1612 ideoque
798 1541 1003 1596 necessest

263 1643 332 1682 non
360 1621 517 1698 possint
537 1622 611 1682 alios
629 1623 681 1682 alii
699 1623 874 1682 convincere
893 1640 1006 1699 seusus,

221 1725 324 1774 moneo
342 1709 384 1768 ibi
401 1725 505 1767 versus
524 1708 633 1767 exitum
652 1709 798 1787 ⁷,ideoque
815 1705 987 1768 111111011ιι
1006 1725 1043 1765 ex
1062 1726 1089 1766 v.
1109 1700 1346 1764 4901111ῑί-

220 1794 305 1867 Quod
324 1795 373 1869 qui
391 1798 492 1870 negat,
511 1797 608 1852 tamen
628 1795 772 1868 largietur
789 1794 915 1853 fortasse
933 1813 981 1852 vv.
1001 1795 1036 1852 V.
1058 1794 1128 1851 182.
1147 1792 1166 1849 3

262 1881 381 1942 notities
399 1879 547 1939 hominum
567 1879 611 1938 dis
629 1880 708 1938 unde
726 1884 771 1938 est
788 1880 879 1938 insita
895 1881 1030 1955 primum,

262 1967 334 2040 quid
351 1967 460 2026 vellent
479 1963 627 2024 facerent
644 1966 753 2024 scirent
770 1965 926 2040 animoque
945 1964 1103 2022 viderent?

221 2051 397 2125 compositos
415 2067 481 2109 1111
500 2050 538 2108 ad
558 2052 721 2125 exemplum
740 2068 876 2109 versuum
896 2052 921 2109 V
942 2050 1108 2107 1041-49

663 2135 742 2194 unde
760 2136 848 2194 insita
866 2135 983 2194 notities
1003 2139 1048 2193 est

262 2219 399 2281 utilitatis
418 2227 447 2281 et
464 2222 542 2280 uude
561 2222 632 2280 data
650 2226 695 2280 est
712 2220 781 2280 huic
798 2220 894 2294 prima
910 2227 1053 2297 potestas,

264 2306 334 2381 qnid
353 2308 451 2385 vellet,
471 2307 570 2365 facere
588 2312 620 2364 ut
637 2305 747 2365 scirent
765 2307 922 2380 animoque
940 2305 1099 2365 viderent?

219 2394 283 2451 Hoc
312 2392 390 2451 enim
423 2395 489 2452 loco
525 2392 673 2452 sententia
705 2393 768 2450 sine
798 2391 923 2452 salebris
954 2392 997 2450 ita
1028 2390 1133 2449 currit:
1170 2392 1247 2450 unde
1278 2390 1345 2451 huic

221 2476 338 2537 notities
356 2477 491 2537 utilitatis
510 2478 599 2537 insita
617 2481 663 2535 est
681 2481 711 2536 et
729 2477 825 2551 prima
842 2481 975 2551 potestas
993 2476 1091 2536 facere
1110 2481 1142 2534 ut
1160 2477 1270 2536 scirent
1288 2473 1343 2557 (sc.

218 2558 323 2643 ceteri)
348 2564 504 2637 animoque
530 2564 665 2622 viderent
690 2561 760 2637 quid
782 2563 873 2621 vellet
891 2558 946 2642 (sc.
964 2557 1064 2642 ipse)?
1087 2561 1137 2620 1110
1162 2567 1260 2620 autern
1285 2581 1343 2621 non

218 2649 277 2707 alia
294 2647 380 2706 modo
400 2655 430 2707 et
447 2649 542 2708 minus
561 2651 683 2722 elegans
702 2653 748 2708 est
765 2653 928 2707 structura:
952 2647 1119 2706 notities
1138 2653 1176 2705 ut
1195 2649 1344 2708 scirent

217 2733 373 2808 animoque
399 2734 534 2792 viderent
559 2735 631 2809 quid
650 2735 759 2792 vellent
782 2732 894 2811 111111,
922 2732 975 2792 sed
998 2733 1098 2792 nescio
1124 2751 1162 2793 an
1188 2733 1263 2791 mira
1285 2735 1344 2792 sint

217 2819 309 2878 verba
327 2824 380 2896 „ut
398 2820 509 2878 scirent
527 2820 597 2894 quid
617 2820 727 2878 vellent
744 2815 874 2897 facere“,
901 2836 966 2877 cum
987 2822 1190 2894 exspectemus
1218 2823 1270 2897 „ut
1289 2820 1343 2878 sei-

216 2909 283 2962 rent
306 2904 355 2979 qui
383 2923 433 2964 eos
459 2899 536 2985 (1.1.
563 2899 708 2984 homines)
733 2903 832 2963 facere
852 2902 1045 2978 possent“.
1090 2903 1174 2976 Quae
1196 2903 1344 2978 disputavi

218 3009 273 3048 non
298 2990 472 3074 refelluntur
500 3008 535 3049 eo
561 2990 641 3064 quod
664 2989 707 3048 illi
731 3007 835 3049 versus
859 2992 889 3049 in
914 2991 1042 3048 carmine
1068 2990 1122 3049 hos
1146 2990 1343 3067 antecedunt3

218 3075 326 3134 etenim
351 3075 408 3134 iam
431 3076 637 3134 Lachmannus
662 3075 729 3135 aliis
753 3075 916 3135 rationibus
934 3094 982 3134 vv.
1000 3075 1027 3134 V
1047 3076 1216 3132 110-234
1240 3080 1346 3149 postea

219 3160 340 3219 carmini
359 3161 489 3220 intextos
513 3179 578 3220 esse
596 3161 733 3220 ostendit.
762 3195 804 3202 -
833 3163 866 3219 In
885 3161 942 3220 alio
962 3160 1136 3220 emblemate
1159 3163 1278 3220 exstant
1296 3179 1344 3220 vv.

218 3241 259 3324 (11
279 3241 476 3326 1058-66);

323 3349 387 3389 cum
399 3331 573 3405 praesertim
585 3330 632 3388 hie
641 3325 782 3409 (scorbis
790 3326 947 3410 terrarum)
959 3331 1110 3390 sitnatnra
1118 3330 1224 3409 110111,
1237 3337 1267 3391 11
1279 3332 1345 3406 ipsa

322 3421 427 3490 sponte
445 3433 498 3476 sua
515 3416 591 3474 10111
612 3416 783 3475 offensando
800 3416 912 3474 semina
929 3433 1027 3475 rerum

222 3501 304 3559 1060
322 3501 500 3560 multimodis
518 3505 629 3560 temere
647 3502 677 3560 iu
697 3519 813 3560 cassum
831 3500 1000 3576 frustraque
1018 3505 1122 3561 coacta

320 3587 440 3645 tandem
463 3588 671 3668 coluerunt
692 3605 728 3646 ea
747 3605 823 3662 quae
841 3587 975 3647 coniecta
990 3591 1112 3661 repente

319 3689 493 3748 magnarum
511 3689 610 3731 rerum
632 3671 779 3731 fierent
800 3671 923 3731 exordia
940 3689 1065 3750 semper,

317 3759 410 3816 terrai
427 3759 516 3817 maris
535 3764 564 3817 et
582 3757 656 3816 caeli
674 3758 849 3832 generisque
867 3757 1056 3817 animantum.

217 3839 258 3923 (v.
280 3843 360 3900 1061
383 3841 577 3921 „coluerunt“
602 3843 730 3902 restituit
751 3839 897 3924 Lachm.).
938 3844 984 3900 Ex
1008 3843 1055 3901 his
1073 3848 1155 3901 recte
1173 3842 1278 3917 opinor
1292 3841 1344 3901 hic

216 3928 427 3987 sententiarum
445 3946 622 4003 progressus
641 3928 773 3987 elicitur:
797 3924 842 4008 (ln
861 3927 975 3987 infinito
993 3928 1088 4001 spatio
1107 3946 1165 3986 nou
1184 3928 1344 3988 verisimile

217 4019 261 4072 est
279 4013 356 4072 hunc
373 4031 462 4073 unum
481 4016 582 4074 orbem
600 4020 746 4073 terrarum
766 4020 897 4073 creatum
915 4031 996 4092 esse,
1020 4018 1064 4072 tot
1081 4017 1179 4073 autem
1198 4015 1344 4072 elementa

216 4097 288 4157 foris
306 4099 379 4157 nihil
397 4095 511 4180 agere)
529 4099 705 4174 praesertim
724 4117 789 4158 cnm
808 4099 856 4158 hio
874 4095 979 4179 (orbis)
998 4099 1102 4158 eadem
1120 4103 1242 4176 natura,
1266 4117 1343 4174 quae

216 4183 381 4244 dominatur
398 4186 430 4243 iu
444 4186 592 4262 universo,
610 4184 707 4244 factus
722 4185 760 4244 sit
778 4191 808 4244 et
824 4185 985 4260 primordia
1003 4203 1069 4243 eum
1087 4184 1198 4244 11111111
1215 4184 1343 4245 motibus

216 4269 384 4348 effecerint,
409 4272 515 4346 quibus
538 4271 654 4330 omniuo
680 4288 728 4329 res
751 4288 875 4345 magnas
899 4304 940 4313 —
964 4276 1061 4329 terras
1087 4269 1180 4328 maria
1206 4274 1275 4329 cett.
1302 4303 1342 4312 ·—
