3198 4938
772 289 942 346 ..13-

336 456 481 535 convenit,
500 456 569 516 1555
588 474 677 532 super
694 462 789 518 terras
811 459 874 518 fluit
891 458 1008 534 agmine
1027 461 1115 538 dulci,

336 563 393 619 qua
411 543 461 602 via
479 547 560 601 secta
578 546 669 602 semel
687 545 797 618 liquido
816 544 892 619 pede
912 546 1016 604 detulit
1033 547 1127 606 undas

377 624 448 709 (Gn.
468 629 507 685 39
527 645 603 706 sqq,
623 629 678 688 To.
698 630 769 708 547,
789 630 839 688 Br.
858 627 933 711 203)

293 733 425 775 seorsum
443 717 566 789 possunt
580 714 653 773 tolli.
679 716 788 774 lterum
805 714 861 774 Gn.
875 732 910 774 eo
927 715 1066 793 confugit,
1085 721 1118 776 ut
1133 717 1273 777 maiorem
1292 725 1415 799 partem,

292 819 416 875 quacum
442 800 546 858 conexi
570 805 637 859 suut
661 794 721 880 (vv.
747 801 774 860 V
800 796 998 882 235-323),
1024 801 1232 877 interpolatam
1258 823 1322 865 esse
1349 824 1416 865 coo-

291 885 403 946 tendat.
447 884 632 960 Argumenta
648 890 764 963 tamen,
784 887 814 945 iu
833 887 939 960 quibus
958 887 1075 965 nititur,
1096 907 1114 947 a
1132 888 1239 946 Tohtio
1258 892 1330 951 satis
1349 909 1416 951 con-

291 971 384 1031 futata
402 974 485 1048 sunt,
510 987 607 1044 neque
625 971 785 1045 quidquam
802 971 910 1031 addam
931 971 988 1030 nisi
1004 971 1158 1032 inferiores
1177 973 1295 1048 quidem
1314 994 1416 1037 versus

291 1058 321 1115 in
340 1058 359 1116 1.
379 1057 403 1114 V
422 1057 470 1114 vel
487 1055 623 1130 primitus
645 1056 716 1115 mihi
735 1055 831 1116 videri
853 1058 979 1132 scriptos
998 1075 1072 1118 5555.
1117 1060 1150 1116 15
1169 1058 1225 1118 hoo
1244 1061 1321 1120 euim
1339 1063 1416 1122 libro

292 1147 361 1217 apte
379 1141 422 1200 eis
447 1142 609 1202 illustratur
632 1143 727 1201 maria
752 1141 888 1202 continuo
911 1160 1090 1202 crescere
1116 1149 1152 1203 51
1174 1145 1320 1225 imminui,
1346 1149 1375 1206 in
1395 1150 1415 1208 l.

292 1229 333 1288 VI
350 1232 457 1304 autem,
476 1227 526 1285 ubi
543 1227 575 1284 id
592 1245 679 1285 unum
699 1229 863 1302 explicatur
885 1222 966 1308 (inde
985 1247 1004 1286 a
1021 1248 1049 1287 v.
1070 1225 1145 1308 608)
1171 1248 1222 1289 cur
1248 1234 1340 1292 maria
1365 1235 1415 1294 de-

291 1332 378 1373 cursu
402 1331 544 1387 aquarum
566 1331 639 1371 555
661 1314 938 1391 adaugescaut,
965 1315 1057 1373 verba
1092 1315 1180 1394 „inde
1209 1333 1297 1391 super
1322 1324 1416 1378 terras

290 1399 353 1457 fluit
369 1398 487 1472 agmine
505 1397 593 1475 dulci,
612 1415 671 1472 qua
688 1399 737 1457 via
755 1403 836 1458 secta
854 1401 945 1458 semel
958 1399 1069 1474 liquido
1084 1400 1161 1475 pede
1177 1402 1281 1462 detulit
1300 1402 1414 1469 55555ιι

291 1489 372 1543 certe
394 1501 451 1541 555
474 1483 671 1556 requiruntur.
716 1483 899 1558 Quamquam
927 1501 964 1542 ex
989 1485 1045 1544 bac
1070 1486 1243 1546 dilatatione
1268 1508 1327 1549 non
1350 1492 1416 1565 plus

291 1569 458 1643 collegerim
488 1586 575 1642 quam
601 1569 680 1642 quod
702 1570 741 1627 ad
768 1570 863 1627 locum
886 1570 1056 1644 primarium
1082 1571 1220 1645 pertinet.
1249 1608 1285 1616 —
1311 1577 1416 1636 Moneo

289 1655 508 1714 Lachmannum
526 1672 574 1713 vv.
594 1655 635 1712 Vl
653 1655 800 1712 eos—38
820 1655 975 1713 embolium
993 1672 1060 1715 5555
1078 1658 1237 1717 555551555.

375 1741 437 1798 Iam
455 1739 587 1798 venimus
606 1740 644 1798 ad
661 1740 860 1818 repetitiones,
886 1759 961 1815 quae
980 1741 1120 1801 orationis
1139 1743 1232 1802 forma
1252 1746 1346 1807 miuus
1364 1747 1414 1804 de-

289 1825 461 1902 fenduntur,
480 1828 530 1882 aut
549 1825 642 1883 altero
660 1830 727 1884 utro
745 1830 860 1884 tantum
878 1826 958 1905 loco,
977 1827 1078 1903 itaque
1098 1845 1153 1902 per
1173 1846 1204 1887 se
1223 1830 1302 1888 solae
1321 1828 1412 1889 addu-

195 1912 199 1920 '
289 1911 400 1972 bitatae
419 1915 495 1969 sunt.
1435 1917 1439 1925 '

374 2015 422 2055 vv.
441 1996 482 2054 VI
500 1994 648 2053 251-54
668 1995 768 2056 :IV
789 1997 934 2054 170-73

529 2085 590 2140 tum
608 2099 663 2156 per
679 2085 771 2140 totum
792 2086 983 2140 concrescunt
1006 2089 1078 2142 aera
1096 2086 1188 2144 nubes

290 2166 350 2225 251
370 2167 500 2240 5551555
514 2161 546 2247 ¹),
565 2167 609 2225 uti
629 2169 767 2227 tenebras
783 2168 877 2226 omnis
889 2167 1058 2227 Acherunta
1072 2187 1189 2228 reamur
1201 2165 1244 2251 (in
1256 2170 1296 2229 lV
1309 2166 1415 2252 rearis)

375 2253 496 2326 liquisse
515 2257 544 2311 et
562 2270 685 2326 magnas
704 2254 779 2311 caeli
797 2255 960 2328 complesse
980 2271 1134 2312 cavernas.

374 2354 467 2411 usque
486 2337 560 2396 adeo
580 2341 657 2396 tetra
675 2337 840 2398 nimborum
858 2343 944 2397 nocte
964 2343 1065 2397 coorta

290 2422 353 2480 254
374 2423 545 2498 impendent
561 2427 643 2482 atrae
662 2422 825 2483 formidinis
843 2441 896 2483 ora
914 2442 1050 2501 superne,
1158 2497 1160 2501 ι

375 2526 440 2567 cum
459 2509 618 2567 commoliri
637 2513 798 2584 tempestas
816 2509 938 2568 fulmina
957 2514 1084 2585 coeptat.

289 2595 334 2652 De
363 2592 409 2652 his
445 2594 508 2652 fere
541 2611 642 2654 omnes
676 2596 876 2655 assentiuntur
909 2595 1150 2654 Bockemuellero
1182 2596 1212 2654 in
1243 2597 1262 2654 l.
1293 2597 1333 2655 Vl
1364 2615 1414 2656 eos

289 2678 408 2756 delenti,
428 2679 498 2753 quia
517 2680 681 2752 particulae
702 2678 800 2757 ,5515ιι
818 2680 880 2737 250
900 2686 929 2738 51
945 2678 1051 2756 „cum“
1067 2680 1128 2736 255
1147 2681 1225 2738 inter
1242 2697 1274 2738 55
1293 2699 1413 2755 respon-

289 2766 393 2824 dentes
412 2765 455 2823 eis
474 2762 660 2822 divellantur.
686 2762 779 2835 Quam
799 2764 917 2836 quidem
934 2764 1123 2822 offensionem
1142 2765 1246 2820 Munro
1265 2782 1299 2821 eo
1319 2782 1412 2823 remo-

288 2851 331 2909 vit
354 2850 432 2923 quod
457 2865 504 2906 vv.
529 2848 600 2905 253.
624 2849 644 2904 4
670 2852 819 2921 tamquam
844 2851 1009 2906 structurae
1034 2847 1155 2905 liberius
1181 2847 1369 2921 interpositos
1396 2869 1414 2907 a

289 2935 397 2994 ceteris
415 2933 544 2993 seclusit.
581 2931 641 2991 Sed
658 2931 732 2990 haec
750 2933 889 3007 periodus
908 2933 1002 2991 miuus
1021 2933 1142 3007 elegans
1160 2931 1294 3010 videtur,
1313 2934 1413 3007 itaque

288 3022 318 3079 15
337 3018 551 3094 distinguendis
566 3018 720 3078 sententiis
736 3016 955 3077 Lachmannum
972 3019 1055 3092 55551
1074 3018 1182 3076 malim.
1212 3019 1274 3076 lam
1297 3018 1413 3092 quidem

289 3125 347 3166 555
366 3109 536 3178 exstatque
554 3104 657 3162 155551
674 3104 747 3163 11155
765 3102 885 3184 „tum“;
904 3105 957 3163 555
976 3105 1041 3179 5515
1060 3122 1118 3162 555
1137 3108 1242 3178 555515
1261 3103 1415 3180 intelleget

292 3225 328 3232 —
352 3208 428 3265 quae
446 3190 592 3250 sententia
609 3209 638 3249 v.
657 3191 718 3248 255
739 3191 912 3265 exprimitur
933 3225 969 3232 —-
999 3195 1079 3267 „tum
1099 3207 1162 3250 cum
1181 3194 1341 3263 tempestas
1359 3191 1414 3249 ful-

289 3276 367 3334 mina
385 3274 517 3335 1511111112
562 3275 648 3336 Oerte
667 3277 803 3350 quoniam
826 3276 855 3332 vi
874 3276 1001 3349 quadam
1020 3275 1139 3333 effertur
1161 3273 1282 3332 fulmina
1301 3292 1317 3333 5
1335 3293 1414 3335 cras-

289 3363 329 3420 sis
349 3363 467 3435 alteque
489 3363 629 3420 extructis
648 3360 773 3418 nubibus
793 3360 885 3437 gigni,
911 3379 968 3419 non
988 3376 1024 3416 ex
1042 3359 1149 3417 leviter
1166 3359 1274 3438 densis,
1301 3379 1414 3442 versus,

289 3448 339 3522 qui
357 3446 522 3521 depingunt
540 3451 680 3521 quantum
706 3445 920 3519 dispandantur
943 3446 1034 3504 nubes
1057 3448 1234 3518 tempestate
1253 3451 1369 3524 coorta,
1397 3467 1415 3506 a

287 3535 351 3592 loco
370 3532 459 3591 alieni
476 3532 594 3590 minime
611 3532 759 3590 videntur.
805 3529 864 3589 Sed
889 3531 918 3587 15
944 3532 964 3587 l.
984 3530 1025 3590 IV
1042 3530 1177 3605 primitus
1204 3548 1254 3590 555
1279 3533 1414 3592 existimo

288 3619 413 3693 scriptos
431 3634 506 3677 esse.
551 3617 626 3676 Nam
652 3633 828 3690 quamquam
853 3633 911 3674 555
936 3616 1032 3674 51555
1053 3621 1217 3690 opportune
1240 3617 1283 3675 ita
1309 3618 1415 3676 dicitur

195 3702 199 3711 '
287 3704 318 3762 15
349 3705 369 3762 l.
399 3703 455 3763 VI:
493 3705 586 3763 nubes
613 3704 872 3762 concrescunt
905 3699 1050 3779 undique,
1080 3706 1112 3760 51
1144 3718 1244 3759 omnes
1275 3703 1414 3762 tenebras
1485 3701 1490 3708 '

287 3789 458 3848 Acherunta
482 3788 648 3862 liquisse
671 3805 797 3865 reamur,
825 3804 911 3860 qnam
931 3787 960 3845 15
978 3787 1037 3846 IV:
1061 3786 1157 3843 subito
1183 3790 1344 3859 tempestas
1366 3788 1415 3846 fit

288 3875 407 3934 turbida
435 3872 537 3950 foede,
568 3877 601 3931 51
628 3874 768 3933 tenebras
792 3872 963 3932 Acherunta
989 3871 1156 3944 liquisse
1181 3871 1291 3946 rearis,
1315 3876 1414 3930 tamen

288 3965 368 4018 recte
388 3959 505 4018 videtur
522 3961 625 4018 Munro
643 3958 825 4017 Lachmanni
842 3958 1018 4018 sententiam
1036 3955 1208 4034 repudiare,
1236 3955 1287 4030 qui
1305 3974 1354 4014 vv.
1374 3958 1415 4016 IV

255 4120 264 4139 ο
283 4043 436 4104 ’168-75
460 4049 489 4103 51
510 4045 569 4101 179
588 4049 693 4119 555155
710 4045 836 4104 insertos
855 4060 921 4103 esse
939 4041 1075 4101 credidit.

376 4230 404 4298 1)
420 4226 460 4281 115
476 4226 710 4280 Bockemuellerus
727 4227 809 4281 verba
825 4229 899 4280 recte
917 4225 1025 4279 videtur
1042 4223 1161 4292 iungere.
