3198 4938
737 327 901 383 426-

257 494 374 570 quidem
404 512 470 555 esse
495 515 513 555 a
537 496 677 555 Lucretio
705 496 787 554 illum
820 498 933 574 locum,
966 496 1074 554 nedum
1103 497 1141 555 ab
1170 496 1381 571 interpolatore

256 581 455 655 exscriptum?
488 582 586 640 Verbo
611 581 699 640 liceat
724 581 868 641 adnotare
897 600 944 640 vv.
974 583 1045 640 698.
1073 583 1091 639 9
1117 599 1174 639 non
1200 581 1259 640 dici
1285 617 1326 625 —
1351 583 1382 642 id

256 665 334 740 quod
355 665 410 725 Gn.
436 668 529 726 credit
556 701 596 709 —-
620 666 768 726 hominum
785 666 901 742 frugum
928 667 1113 727 arbustorum
1139 668 1250 726 semina
1268 686 1380 742 pror-

256 769 315 810 sus
334 753 457 810 omnia
473 753 550 812 inter
568 770 600 812 se
618 752 735 811 diversa
762 770 836 830 esse,
862 754 914 812 sed
939 753 1044 827 negari
1066 753 1266 813 tantummodo
1284 754 1382 813 omnia

256 855 321 896 esse
339 838 431 916 paria,
459 843 491 897 ut
510 857 621 897 summa
638 838 741 898 merito
760 839 879 898 diversa
904 838 1024 898 feratur.
1070 839 1103 895 In
1123 839 1246 896 eundem
1264 841 1380 898 modum

255 923 368 998 accipio
386 943 414 982 v.
436 925 507 1002 694,
527 942 581 983 nec
600 925 688 982 aliter
704 943 733 982 v.
749 925 778 982 Π
794 926 865 1002 337,
886 925 968 983 euius
985 923 1060 982 baec
1078 928 1123 982 est
1141 924 1302 985 sententia:
1322 925 1380 1000 pri-

255 1009 368 1068 mordia
393 1009 505 1068 distant
529 1009 641 1087 formis,
668 1029 727 1069 non
753 1027 811 1084 quo
832 1011 930 1069 nullae
954 1009 1065 1069 formae
1091 1009 1201 1068 similes
1225 1010 1300 1088 sint,
1328 1010 1381 1070 sed

256 1094 325 1169 quia
342 1113 414 1154 non
431 1113 561 1154 omnes
579 1114 666 1170 pares
685 1100 760 1154 sunt.
801 1095 896 1168 Quam
921 1096 996 1154 enim
1023 1094 1079 1154 Gn.
1104 1095 1180 1154 eruit
1205 1096 1381 1155 sententiam

257 1199 334 1258 „non
361 1198 418 1255 quo
443 1181 542 1239 haud
567 1182 688 1239 multa
706 1181 812 1240 similia
830 1185 905 1259 sunt,
925 1181 978 1241 sed
1002 1180 1071 1255 quia
1093 1182 1198 1239 nulla
1222 1199 1270 1240 res
1295 1181 1381 1241 alteri

255 1283 375 1340 prorsus
393 1285 449 1342 par
469 1263 543 1344 est“,
563 1271 675 1342 pugnat
693 1284 758 1325 cum
775 1273 881 1342 potitae
900 1267 1044 1346 doctrina,
1067 1284 1126 1341 qua
1143 1267 1232 1325 atomi
1251 1267 1381 1326 eiusdem

255 1349 366 1410 formae
385 1370 505 1412 numero
523 1350 653 1411 infinitae
672 1356 748 1410 sunt.

341 1455 396 1512 Vv.
425 1456 454 1512 Π
483 1455 555 1512 336.
587 1456 604 1512 7
635 1457 789 1513 recurrunt
818 1454 847 1510 ΙΙ
874 1454 945 1512 723.
972 1454 1006 1532 43
1036 1454 1086 1528 qui
1112 1453 1248 1522 Gneissio
1271 1455 1380 1514 Tohtio

255 1538 398 1613 Briegero
435 1540 646 1600 sententiarum
679 1558 786 1598 nexum
815 1539 1028 1614 interrumpere
1058 1540 1204 1598 videntur.
1273 1539 1332 1599 Sed
1356 1541 1380 1599 si

255 1630 381 1682 mentem
406 1630 511 1700 poetae
536 1630 615 1684 recte
638 1626 795 1702 perspicio,
821 1624 985 1684 sententiae
1011 1625 1074 1684 sine
1101 1625 1225 1684 salebris
1250 1626 1291 1684 ita
1316 1642 1380 1685 eur-

255 1714 339 1769 rnnt:
375 1711 455 1770 Sicut
491 1728 539 1770 res
571 1712 691 1785 genitae
723 1716 785 1770 tota
818 1713 925 1768 natura
954 1711 1033 1769 inter
1066 1728 1098 1770 se
1128 1710 1284 1770 dissimiles
1313 1715 1381 1770 sunt

257 1814 283 1854 e.
314 1814 342 1870 g.
372 1801 452 1856 terra
481 1815 560 1858 mare
589 1796 737 1874 animalia,
767 1797 809 1854 ita
833 1794 993 1870 primordia
1022 1814 1122 1854 earum
1148 1796 1265 1856 diversa
1288 1797 1382 1856 forma

256 1881 391 1956 praedita
419 1886 486 1940 sunt
515 1877 699 1963 (tao-22),
725 1900 783 1940 non
808 1879 926 1954 quidem
951 1881 1048 1940 omnia
1071 1881 1217 1960 differunt,
1246 1880 1299 1942 sed
1323 1901 1380 1941 non

256 1969 355 2026 omnia
377 1974 445 2026 sunt
462 1968 546 2042 paria
569 1962 654 2048 (723.
675 1967 717 2048 4).
762 1969 855 2026 Porro
878 1984 943 2024 cum
961 1967 1121 2041 primordia
1146 1968 1265 2046 distent,
1293 1968 1380 2027 etiam

255 2052 411 2113 intervalla
428 2053 495 2112 viae
514 2046 735 2134 (necandos)
761 2049 772 2133 )
792 2097 799 2110 .
820 2097 826 2110 .
848 2097 854 2111 .
873 2057 968 2111 motus
988 2051 1126 2112 differunt
1143 2047 1217 2133 (725
1230 2049 1320 2135 sqq).
1339 2089 1380 2096 -

256 2139 300 2197 De
330 2139 442 2200 ratione
472 2144 585 2217 autem,
619 2157 678 2214 qua
706 2138 845 2196 cohaeret
872 2141 936 2196 tota
963 2157 1032 2212 pars
1063 2139 1227 2216 ule-29,
1258 2157 1334 2214 quae
1362 2159 1380 2198 a

256 2223 392 2284 Gneissio
417 2228 562 2302 tentatur,
588 2242 654 2282 cum
677 2223 929 2301 antecedentibus,
955 2225 1043 2298 longe
1067 2225 1152 2283 aliter
1174 2226 1268 2283 sentio
1291 2231 1380 2300 atque

255 2309 430 2384 interpretes
448 2327 559 2369 omnes.
593 2311 698 2369 Utrum
716 2313 797 2368 reete
815 2327 853 2367 an
871 2309 966 2368 minus
984 2310 1035 2368 alii
1052 2310 1189 2369 viderint.
1226 2311 1380 2386 Exponam

256 2412 331 2469 quae
349 2396 421 2454 mihi
438 2395 610 2455 videantur:

305 2515 341 2522 —
364 2483 441 2541 699:
466 2500 514 2540 res
532 2481 677 2556 permixto
696 2479 806 2539 semine
824 2485 969 2540 constant.

257 2566 441 2626 700-7172
468 2586 526 2626 non
550 2571 648 2626 tamen
674 2566 771 2625 omnia
795 2567 908 2625 semina
926 2566 1098 2626 omnimodis
1115 2572 1238 2642 possunt
1256 2569 1379 2627 conecti.

467 2654 542 2711 Nam
553 2656 691 2728 portenta
703 2653 873 2730 existerent,
887 2670 924 2710 ex
933 2653 1056 2712 diversis
1068 2653 1201 2728 partibus
1209 2653 1379 2727 composita.

468 2737 553 2810 Quod
571 2756 629 2796 non
648 2736 711 2795 fieri
729 2737 916 2797 manifestum
935 2743 989 2797 est.
1033 2739 1181 2798 Animalia
1201 2738 1278 2797 enim
1297 2756 1379 2797 suum

467 2829 587 2883 servant
604 2839 707 2897 genus.

258 2912 318 2969 718
349 2928 433 2985 sqq:
468 2910 521 2969 sed
540 2926 597 2968 non
617 2909 755 2967 animalia
773 2909 865 2967 solum
885 2909 975 2968 certis
994 2908 1098 2969 finibus
1117 2909 1330 2970 discernuntur.

255 2997 318 3055 lam
335 2995 410 3055 haee
428 2998 590 3070 sequuntur
608 2995 638 3052 in
656 2994 754 3053 libris:

471 3126 477 3141 .
499 3126 505 3141 .
526 3079 671 3156 quaedam
688 3079 765 3139 ratio
784 3078 970 3139 disterminat
988 3080 1090 3140 omnis.

257 3185 340 3256 Quae
358 3184 450 3242 verba
468 3183 518 3242 alii
536 3184 623 3242 aliter
640 3185 689 3241 vel
706 3183 914 3242 intellexerunt
932 3186 981 3242 vel
998 3187 1192 3242 mutaverunt.
1243 3185 1382 3260 Plerique

256 3269 449 3344 Beruaysium
468 3269 560 3328 secuti
577 3269 746 3342 flagitarunt
765 3269 955 3328 sententiam:

343 3355 475 3414 eadem
500 3354 577 3412 ratio
603 3353 724 3412 distinet
749 3354 874 3411 omnia
898 3354 961 3412 sive
985 3371 1100 3412 omne.
1144 3353 1183 3413 At
1202 3355 1382 3433 „primordia

257 3440 319 3499 fere
338 3441 441 3498 eadem
466 3441 577 3498 eaelum
604 3456 685 3497 mare
710 3443 805 3497 terras
822 3439 942 3498 flumina
960 3440 1051 3497 solem
1070 3440 1259 3519 constituunt,
1279 3442 1382 3501 eadem

257 3526 358 3600 fruges
377 3527 497 3585 arbusta
516 3520 698 3583 animantes“
718 3525 732 3581 l
751 3525 823 3582 820.
857 3525 936 3600 Ergo
955 3543 1012 3583 non
1031 3524 1161 3583 eadem
1179 3526 1254 3584 ratio
1273 3531 1302 3585 et
1321 3528 1382 3586 ani·

258 3612 346 3670 malla
372 3615 401 3670 et
427 3615 540 3669 ceteras
566 3627 614 3668 res
641 3609 771 3688 distinet,
799 3609 852 3668 sed
879 3612 1082 3687 „quaedam
1105 3611 1179 3668 ratio
1198 3611 1383 3671 disterminat

257 3693 374 3757 omnia“
400 3691 451 3777 (cf.
477 3698 506 3754 ll
531 3697 593 3754 373
620 3695 764 3770 quaedam
791 3691 952 3777 distantia).
977 3730 1018 3738 —
1043 3695 1089 3754 Ne
1115 3701 1215 3755 tamen
1240 3697 1271 3755 in
1290 3697 1384 3756 forma

257 3782 393 3843 mendum
420 3782 618 3859 relinquatur,
649 3781 829 3856 corrigamus
858 3799 922 3840 cum
950 3781 1092 3841 [lambino
1122 3816 1156 3822 —
1186 3783 1237 3856 qui
1265 3784 1384 3858 quidem

258 3866 403 3946 „eadem“
422 3867 598 3942 scripturam
617 3871 784 3941 corruptam
802 3885 860 3926 non
878 3866 1045 3942 repudiavit
1063 3901 1103 3908 —

470 3951 615 4027 quaedam
633 3952 708 4010 ratio
726 3970 775 4011 res
792 3953 931 4011 terminat
949 3952 1052 4010 omnis.

344 4203 372 4269 1)
390 4201 422 4256 cf.
443 4203 479 4254 lV
498 4203 549 4256 655
573 4206 603 4256 ut
626 4202 727 4270 figurae
750 4206 779 4256 et
795 4205 883 4256 motus
901 4204 930 4255 et
947 4205 1055 4255 textura
1072 4202 1207 4270 differunt,
1226 4207 1265 4259 ita
1283 4208 1385 4261 distant

257 4272 427 4327 foramina
443 4275 478 4324 et
495 4272 574 4324 viae.
