3198 4938
738 319 903 378 ‚33-

258 491 361 550 Talem
384 490 560 550 sententiam
581 489 652 566 poni
672 490 804 566 potuisse
826 509 885 550 non
907 511 993 570 nego,
1017 510 1193 568 quamquam
1220 511 1278 552 non
1301 493 1386 552 dissi·

257 579 336 636 mulo
355 576 524 636 Lucretium
542 576 571 635 h.
590 578 610 636 l.
630 573 667 636 de
685 577 812 636 fausto
837 576 959 638 fulmine
983 577 1054 638 mihi
1072 596 1130 638 non
1149 577 1244 638 videri
1267 578 1386 638 dixisse.

257 661 298 722 At
316 663 456 722 universa
472 661 639 721 Neumanni
655 661 842 722 ratiocinatio
861 662 933 722 mihi
950 681 1009 724 non
1027 663 1178 739 probatur.
1223 665 1300 724 Nam
1323 665 1384 743 „in-

259 750 337 808 dicia
366 749 464 808 divum
499 748 605 808 mentis
641 747 835 823 perquirere“
847 744 871 830 ¹)
910 743 1000 831 (382)
1029 754 1075 810 ost
1103 750 1199 827 „ictus
1235 748 1388 810 fulminum

187 845 189 849 ·
260 840 418 909 ceteraque
440 835 515 893 caeli
534 832 737 907 phaenomena
758 831 948 895 observare“.
972 837 1082 895 Versus
1100 839 1207 914 autem,
1227 836 1264 895 de
1282 836 1388 910 quibus

259 919 392 997 dicimus,
412 920 562 980 continent
579 919 652 978 talia
668 917 887 998 phaenomena,
913 925 982 996 apte
1004 921 1094 996 igitur
1111 921 1169 980 illis
1187 921 1287 981 verbis
1309 921 1387 984 subi.

260 1006 382 1065 ciuntur.
427 1005 520 1064 Porro
539 1004 609 1080 quid
627 1021 735 1064 nocere
753 1009 843 1080 queat
860 1004 971 1065 fulmen
993 1001 1092 1089 (386),
1116 1007 1267 1082 quaeritur
1289 1024 1387 1068 ecar-

259 1093 386 1152 minibus
412 1089 592 1169 Tyrrhenis3
617 1108 689 1166 ergo
716 1088 928 1170 „perquirere“
956 1087 1045 1174 (382)
1071 1093 1172 1168 utique
1197 1092 1315 1152 diversa
1336 1111 1387 1152 no·

260 1177 340 1236 tione
358 1177 589 1253 intellegendum
608 1179 662 1235 cst.
708 1177 768 1236 Sed
792 1178 843 1252 qui
867 1178 924 1237 hoc
943 1182 988 1238 est
1003 1179 1181 1238 molestum?
1224 1177 1302 1238 Nam
1325 1177 1387 1254 qui·

260 1280 384 1338 cumque
408 1263 504 1323 minus
529 1265 634 1336 argute
658 1261 689 1320 in
714 1264 807 1322 verba
829 1263 974 1342 inquiret,
1003 1264 1134 1324 remita
1162 1263 1304 1339 accipiet:
1330 1281 1390 1324 non

261 1353 306 1410 est
326 1393 333 1408 .
353 1393 360 1408 .
381 1393 388 1408 .
407 1350 574 1409 volventem
593 1347 722 1406 carmina
733 1349 890 1424 Tyrrhena
915 1343 951 1430 (1
962 1367 987 1409 e.
1009 1345 1236 1429 „dnmvolvis“,
1255 1368 1314 1409 non
1334 1367 1389 1429 „eo

262 1432 341 1509 quod
358 1429 488 1516 volvis“)
506 1433 616 1495 indicia
635 1435 756 1493 deorum
772 1435 944 1510 perquirere
963 1435 1119 1496 scilicet
1136 1434 1214 1495 unde
1232 1435 1311 1510 ignis
1322 1452 1388 1511 per·
1450 1453 1458 1469 ¹

261 1521 376 1580 venerit
395 1566 402 1580 .
422 1566 430 1579 .
450 1566 457 1580 .
477 1521 586 1596 quidve
603 1537 711 1594 nocere
729 1524 818 1595 queat
834 1520 943 1580 fulmen
962 1521 982 1581 i.
1002 1540 1028 1580 e.
1047 1521 1118 1597 qnid
1134 1521 1193 1580 illis
1210 1520 1328 1581 indiciis
1345 1521 1388 1579 in-

262 1608 377 1666 dicetur
402 1600 452 1687 (ex
476 1605 655 1684 carminibus
682 1602 848 1688 quaerere).
874 1641 916 1648 —
942 1606 1001 1666 Sed
1026 1625 1202 1683 quamquam
1226 1607 1269 1666 sic
1291 1606 1322 1666 hi
1339 1625 1388 1666 vv.

262 1712 281 1751 a
300 1692 482 1752 dubitatione
499 1681 702 1769 vindicantur,
729 1692 854 1751 alterum
873 1708 923 1752 eos
946 1696 1034 1752 antea
1055 1691 1195 1755 habuisse
1218 1694 1314 1752 locum
1331 1692 1390 1752 iam

262 1796 352 1853 supra
369 1771 432 1858 (pg‘.
454 1773 506 1860 14)
524 1779 609 1838 nobis
627 1778 781 1852 probabile
799 1777 894 1838 visum
913 1782 968 1838 est.

346 1864 756 1924 11163.4=1v207.8

305 1949 517 2026 multiplexque
535 1950 593 2010 loci
611 1949 739 2024 spatium
756 1953 960 2009 transcurrere
979 1949 1082 2009 eodem

304 2042 437 2110 tempore
456 2053 513 2111 quo
532 2035 602 2096 solis
620 2036 797 2114 pervolgant
814 2034 933 2110 fulgura
952 2037 1074 2096 caelum.

326 2113 328 2117 ¹
411 2117 481 2202 (Gn.
501 2123 614 2200 71·sq.,
634 2121 689 2180 To.
709 2120 782 2199 551,
800 2122 850 2180 Br.
871 2116 956 2202 207).

261 2210 295 2266 In
325 2207 365 2264 IV
383 2208 445 2265 208
476 2211 574 2268 exstat
592 2208 666 2268 ,looo
695 2207 778 2266 vocis
804 2203 961 2286 „fulgura“
990 2203 1157 2286 ‚‚lumina“;
1187 2207 1266 2282 quod
1295 2207 1390 2282 suspi-

262 2295 352 2352 catur·
373 2292 429 2352 Gn.
455 2291 486 2350 in
511 2293 540 2350 ΙΙ
568 2293 629 2351 164
653 2295 796 2352 mutatum
820 2309 885 2352 esse
916 2293 946 2352 in
972 2289 1147 2372 „fulgura“,
1177 2293 1247 2367 quia
1271 2292 1302 2350 in
1329 2293 1390 2351 182
1437 2291 1441 2298 ’

264 2374 414 2458 ‚,lnmina“
433 2377 601 2439 antecedat.
645 2377 726 2452 Ergo
744 2377 811 2437 illos
829 2397 877 2438 vv.
903 2378 945 2437 ibi
970 2395 1035 2437 cum
1055 2379 1160 2438 abesse
1185 2376 1301 2452 possint
1325 2395 1391 2438 esse

262 2465 466 2539 interpolatos.
510 2463 550 2524 At
582 2468 615 2524 ut
648 2460 806 2543 „fulgura“
837 2463 1011 2524 variationis
1042 2464 1139 2540 gratia
1171 2463 1306 2522 dicantur
1336 2481 1390 2539 pro

262 2549 430 2628 luminibus,
450 2550 500 2625 qui
517 2569 555 2610 ex
572 2549 629 2610 hac
647 2568 679 2610 re
695 2549 884 2626 consequitur
901 2550 967 2608 illos
983 2569 1031 2610 vv.
1050 2567 1109 2609 non
1127 2567 1185 2608 uno
1203 2553 1306 2608 tenore
1324 2566 1391 2608 cum

262 2635 504 2695 antecedentibus
530 2637 711 2710 conscriptos
737 2637 826 2696 esse?
875 2637 952 2696 Nam
978 2635 1117 2713 „fulgura
1146 2631 1236 2696 solis“
1263 2651 1322 2694 non
1347 2635 1390 2694 in·

142 2726 148 2738 '
263 2722 406 2781 solentem
424 2738 490 2780 esse
508 2722 684 2781 locutionem
703 2720 790 2780 docet
815 2740 843 2779 v.
861 2721 903 2780 IV
927 2722 1003 2779 190:
1031 2766 1038 2781 .
1060 2768 1065 2782 .
1086 2721 1252 2781 stimulatur
1275 2719 1391 2796 fulgore

262 2805 362 2881 fulgur
380 2801 487 2886 (solis).
532 2806 567 2865 Id
586 2806 664 2882 quod
681 2824 787 2866 revera
805 2808 958 2866 molestum
985 2823 1050 2866 osse
1074 2807 1182 2882 possit:
1209 2805 1318 2880 duplex
1342 2807 1392 2865 vel

263 2893 372 2967 triplex
407 2893 586 2967 comparatio
620 2893 792 2952 mobilitatis
828 2893 1053 2966 primordiorum
1089 2896 1119 2952 et
1153 2892 1293 2952 luminum
1321 2892 1392 2952 solis

265 2974 522 3059 (praecellere
546 2978 709 3039 mobilitate
735 2982 765 3037 et
795 2978 886 3036 multo
912 2977 1032 3038 citius
1057 2995 1144 3054 quam
1175 2977 1285 3036 lumina
1310 2977 1390 3056 solis,

264 3064 551 3138 multiplexque
580 3064 637 3124 loci
666 3064 793 3140 spatium
818 3063 922 3122 eodem
945 3068 1078 3139 tempore
1105 3068 1308 3123 transcurrere
1335 3081 1392 3138 qno

265 3148 376 3208 lumina
395 3150 467 3208 solis
485 3152 599 3209 caelum
617 3141 806 3228 pervolgant)
831 3149 887 3208 hoc
909 3148 987 3208 idem
1009 3150 1087 3209 cadit
1107 3150 1196 3208 etiam
1219 3148 1250 3206 in
1268 3149 1393 3208 alterum

265 3235 360 3293 locum
378 3228 433 3312 (IV
451 3235 523 3293 207.
543 3230 585 3316 8).
631 3234 696 3307 Quo
715 3251 891 3309 quamquam
908 3235 952 3293 illi
970 3253 1018 3293 vv.
1039 3253 1105 3294 cum
1123 3234 1227 3294 vicinis
1245 3238 1393 3293 structura

266 3320 460 3395 continentur,
479 3323 577 3378 tamen
591 3325 696 3394 postea
710 3320 847 3379 videntur
860 3320 959 3398 positi,
979 3320 1117 3395 quoniam
1130 3315 1188 3380 hoc
1202 3337 1258 3395 per
1274 3337 1307 3380 se
1324 3337 1391 3395 pro·

267 3405 394 3465 babillus
413 3409 469 3463 est.

351 3489 740 3550 1429=153121V
758 3491 819 3548 672

308 3579 339 3638 id
358 3575 437 3652 quod
455 3576 513 3634 iam
531 3594 622 3651 supra
639 3576 694 3635 tibi
712 3576 800 3651 paulo
819 3575 999 3636 ostendimus
1017 3580 1096 3636 ante.

471 3654 541 3742 (Gn.
562 3663 580 3719 8
600 3680 654 3739 sq,
674 3662 729 3720 To.
749 3661 809 3718 541
829 3656 922 3742 adm).

354 3932 382 3998 1)
400 3929 493 3983 Neum.
505 3975 506 3979 ,
519 3933 548 3983 et
570 3929 614 3996 qui
637 3898 699 3982 eum
722 3933 870 3996 sequuntur
895 3928 1022 3991 „inducia“
1042 3927 1206 3996 intellegunt
1226 3945 1307 3998 „quae
1325 3929 1396 3982 indi·

267 4003 388 4064 cantur“‚
413 4014 472 4052 cum
489 3998 699 4064 intellegendum
717 3998 839 4052 videatur
863 4014 948 4065 „quae
970 3997 1114 4052 indicant“.
1141 4029 1176 4038 —
1202 3997 1276 4052 illius
1306 4000 1395 4052 conio-

268 4074 358 4125 cturae
376 4068 404 4121 id
422 4083 524 4134 quoque
544 4064 686 4120 obiecerim
723 4065 836 4120 articula
847 4069 909 4128 „vd·‘
920 4082 975 4120 non
989 4067 1138 4133 iungendos
1157 4082 1216 4121 esse
1233 4066 1394 4121 sententias:

267 4138 330 4206 quid
353 4135 433 4190 fausti
456 4135 594 4203 praedicat
616 4135 654 4187 vis
679 4083 727 4188 mii
749 4135 855 4202 quidve
877 4150 975 4189 nocere
1001 4139 1082 4202 queat
1102 4135 1217 4202 fulmen,
1242 4135 1289 4189 sed
1305 4135 1395 4204 potius

267 4207 328 4260 has:
354 4221 421 4258 non
445 4208 487 4257 est
510 4246 515 4257 .
536 4246 541 4258 .
562 4246 567 4257 .
591 4203 745 4271 perquirere
768 4203 1007 4270 irenaceorum,
1026 4204 1133 4271 quidve
1155 4203 1237 4258 ferreti
1258 4204 1396 4274 praedicat

267 4276 306 4330 vis
324 4275 372 4328 teli
390 4272 444 4326 sive
462 4272 525 4340 quid
541 4288 639 4328 nocere
657 4276 738 4339 queat
755 4271 863 4326 fulmen.
1099 4278 1103 4283 '
