3198 4938
731 292 900 351 ..52..

248 466 313 540 ipse
331 463 448 524 videtur
465 462 633 538 prohibere.
652 463 693 522 Ut
711 462 786 524 enim
807 462 935 536 explicet
953 480 1053 541 qnare,
1074 461 1153 538 quod
1171 463 1276 537 cuique
1287 463 1379 524 libido

249 549 385 628 suaserit,
406 551 553 624 extemplo
570 565 653 609 mens
671 547 703 607 id
722 548 841 626 cogitet,
860 547 946 623 fingit
964 543 1005 630 (v.
1027 544 1100 631 797)
1125 549 1156 607 in
1178 550 1283 622 quovis
1307 553 1380 608 tem-

249 654 321 711 pore
340 641 370 694 et
387 637 451 694 loco
471 635 599 694 cuiusvis
617 634 737 709 generis
755 633 911 692 simulacra
929 638 1049 709 praesto
1076 651 1150 694 esso.
1170 668 1211 678 —
1230 635 1289 694 Sed
1312 636 1382 711 quia

249 723 350 781 tenuia
374 725 451 799 sunt,
479 721 584 798 inquit,
609 721 723 779 animus
750 736 786 778 ea
807 723 893 778 acute
912 737 1033 780 cernere
1055 719 1166 798 nequit,
1185 720 1243 779 nisi
1261 739 1293 780 se
1312 740 1380 781 con-

249 807 353 867 tendit.
399 805 480 881 Opus
499 810 545 865 est
562 806 654 880 igitur
668 805 792 883 animus,
811 804 1057 879 quemadmodum
1075 805 1161 882 oculi,
1182 804 1220 864 ad
1238 823 1274 866 ea
1292 807 1379 867 simu·

249 894 332 952 lacra
358 909 390 952 se
416 895 569 951 convertat
587 909 664 966 quae
683 907 805 950 cernere
824 891 913 965 cupit.
954 891 1040 968 Nam,
1059 896 1091 951 ut
1108 891 1151 949 ait
1169 892 1242 969 237,
1260 893 1291 950 in
1308 893 1380 964 ima-

251 978 368 1054 ginibus
393 995 483 1036 causa
508 977 626 1036 videtur
650 977 748 1042 inesse
775 975 916 1035 cernundi
941 994 1037 1052 neque
1060 994 1148 1052 posse
1174 977 1238 1036 sine
1262 978 1309 1037 his
1333 995 1381 1037 res

250 1065 311 1124 ulla
335 1062 440 1122 videri.
497 1063 571 1122 Sunt
594 1061 687 1137 igitur
711 1062 867 1120 simulacra
896 1062 1039 1140 condicio,
1068 1062 1132 1122 sine
1161 1080 1221 1136 qua
1249 1063 1382 1139 cogitare

250 1149 414 1227 nequimus,
439 1165 495 1208 nec
512 1165 584 1207 vero
604 1147 646 1207 eis
666 1147 796 1223 cogitare
820 1147 961 1222 cogimur.
1013 1148 1085 1207 Cum
1111 1148 1261 1223 cogitandi
1284 1153 1382 1208 autem

250 1235 366 1294 ratione
392 1252 430 1293 ex
459 1233 591 1293 Lucretii
615 1238 711 1292 mente
744 1231 870 1292 conferri
894 1236 992 1308 potest
1017 1235 1092 1293 ratio
1121 1234 1249 1294 meandi.
1301 1236 1382 1310 Ergo

252 1340 289 1380 ne
307 1319 424 1379 meandi
443 1320 561 1395 quidem
580 1319 744 1379 simulacris
761 1319 891 1394 cogimur
908 1320 1079 1394 procedere,
1099 1319 1152 1378 sed
1170 1338 1235 1379 cum
1250 1322 1383 1380 volumus

252 1408 305 1484 ire,
330 1407 369 1464 ad
396 1423 432 1464 ea
448 1423 502 1464 nos
521 1404 732 1464 contendamus
750 1408 781 1463 et
798 1422 935 1479 paremus
962 1422 1084 1464 necesse
1107 1411 1162 1464 est.
1208 1405 1293 1479 Quod
1316 1424 1381 1465 curn

251 1491 407 1571 possimus,
426 1491 478 1551 ubi
496 1493 637 1569 volumus,
657 1490 793 1550 voluntas
812 1494 857 1549 est
874 1490 978 1550 libera.
1006 1524 1047 1533 —
1072 1492 1155 1550 Haec
1181 1491 1304 1552 sirecte
1322 1492 1381 1551 dis-

253 1581 411 1656 putantur,
433 1578 482 1636 vel
505 1596 541 1636 ex
560 1595 594 1636 ec
613 1578 678 1636 loco
701 1575 751 1650 qui
773 1575 812 1634 ad
834 1576 1015 1635 voluntatem
1034 1577 1153 1651 proprie
1173 1594 1232 1636 non
1253 1579 1383 1653 pertinet

253 1681 319 1722 earn
341 1680 406 1722 osso
424 1662 548 1722 liberam
571 1662 638 1722 elici
659 1665 767 1737 potest.
812 1661 918 1721 Nonne
936 1662 1011 1720 mira
1030 1667 1109 1722 esset
1136 1697 1172 1704 —
1200 1668 1232 1722 ut
1256 1663 1313 1723 hoo
1330 1664 1382 1722 ad·
1436 1733 1441 1742 ,

255 1750 322 1808 dam
348 1782 390 1791 —
415 1749 607 1823 interrogatio
627 1742 716 1828 (877)
735 1746 822 1825 „qui
847 1745 863 1804 f
867 1747 924 1807 iat
940 1747 998 1806 uti
1018 1765 1124 1823 passus
1141 1747 1274 1823 proferre
1293 1767 1382 1825 quea-

252 1851 332 1912 mus,
364 1852 429 1894 cum
454 1831 619 1913 volumus“,
645 1834 671 1893 si
696 1834 829 1892 volentes
854 1836 953 1892 tamen
974 1851 1032 1892 non
1049 1835 1224 1909 possemus?
1253 1869 1294 1878 —
1323 1835 1382 1894 Sed

253 1920 373 1980 obstare
391 1919 531 1979 videntur
555 1921 676 1979 nostrae
701 1917 867 1978 sententiae
891 1919 983 1978 verba
1001 1913 1107 2001 (883):
1132 1919 1222 1999 „inde
1246 1955 1287 1963 —
1312 1921 1332 1980 i.
1356 1938 1381 1980 e.

254 2024 288 2065 eo
308 2004 387 2080 quod
405 2005 562 2066 simulacra
579 2006 707 2064 animum
724 2005 843 2079 pulsant
861 2037 902 2046 -
921 2004 1058 2064 voluntas
1074 2002 1139 2064 fir‘.
1185 2005 1223 2064 At
1241 2007 1292 2081 qui
1308 2005 1383 2065 haec

253 2090 428 2167 accipienda
445 2091 505 2152 sint
522 2095 647 2171 apparet
665 2109 702 2150 ex
720 2090 919 2167 sequentibus,
944 2090 1049 2164 quibus
1067 2089 1292 2151 confirmantur:

657 2211 754 2269 neque
773 2193 851 2253 enirn
873 2191 973 2252 facere
990 2193 1096 2268 incipit
1113 2195 1204 2253 ullam

297 2300 358 2340 rem
378 2281 541 2359 quisquam,
561 2298 649 2354 quam
661 2275 685 2360 ¹)
703 2297 787 2339 mens
804 2278 934 2354 providit
952 2277 1023 2353 quid
1040 2280 1113 2339 velit
1131 2283 1216 2357 ante3

254 2383 285 2443 id
303 2384 382 2460 quod
403 2401 486 2444 mens
511 2382 664 2461 providet,
690 2383 735 2441 rei
753 2381 940 2442 simulacrum
963 2386 1017 2441 est.
1061 2381 1155 2442 Nemo
1180 2382 1271 2456 igitur
1295 2382 1382 2440 ullam

253 2488 317 2530 rem
334 2471 398 2530 sine
417 2469 582 2529 simulacris
600 2467 700 2528 facere
718 2468 822 2544 incipit
841 2461 891 2549 (cf.
911 2467 937 2526 V
958 2468 1017 2526 182
1037 2463 1127 2548 sqq.).
1146 2468 1201 2526 llis
1220 2466 1383 2527 confirmari

253 2560 354 2631 potest
372 2556 453 2614 nnlla
471 2555 617 2614 sententia
628 2554 686 2614 nisi
703 2554 792 2614 haec:
812 2555 969 2614 simulacra
986 2553 1103 2614 meandi
1114 2554 1242 2614 animum
1253 2557 1384 2614 nostrum

254 2641 386 2717 pulsant:
417 2641 486 2700 inde
514 2643 697 2715 potestas
725 2639 766 2700 fit.
813 2640 881 2697 Non
906 2656 964 2713 quo
990 2640 1154 2715 depravata
1176 2640 1215 2699 sit
1239 2640 1386 2715 scriptura

256 2743 331 2801 quae
350 2725 486 2804 traditur,
506 2724 559 2784 sod
578 2725 756 2800 explicatum
774 2724 875 2802 habet,
899 2724 1055 2784 dummodo
1073 2730 1191 2800 poetam
1211 2729 1325 2786 statuas
1343 2725 1386 2785 ita

256 2812 418 2886 cogitasse:
442 2810 598 2869 simulacra
615 2811 733 2885 pulsant
750 2812 895 2868 animum:
914 2809 983 2868 inde
1001 2813 1137 2871 voluntas
1154 2810 1204 2890 fit,
1226 2811 1295 2886 quia
1313 2829 1385 2870 non

250 2895 340 2976 ¹sine
359 2897 401 2956 eis
424 2895 487 2956 fieri
508 2901 606 2971 potest
624 2890 733 2978 (neque
752 2895 829 2955 enim
846 2893 948 2954 facere
965 2895 1069 2971 incipit
1087 2891 1181 2979 cett).

343 2998 486 3072 Quoniam
516 2997 674 3074 disputatio
705 2995 773 3057 libri
790 2997 832 3057 IV
859 3015 918 3056 non
947 3001 1061 3073 pugnat
1091 3016 1154 3056 cum
1181 2998 1223 3057 eis
1253 3016 1329 3072 quae
1355 2999 1386 3057 in

256 3087 275 3144 l.
299 3087 328 3144 11
350 3086 543 3162 disseruntur,
567 3083 735 3144 Lucretium
755 3083 921 3143 consentire
940 3101 1005 3142 cum
1023 3084 1166 3158 magistro
1186 3083 1286 3158 colligi
1304 3083 1385 3143 licet.

257 3204 298 3213 —
322 3170 368 3230 Ne
393 3171 545 3244 scrupulus
564 3171 704 3250 resideat,
727 3187 823 3246 panea
848 3169 986 3228 addenda
1011 3173 1079 3230 sunt
1097 3169 1134 3228 de
1152 3169 1204 3229 illa
1224 3169 1254 3228 vi
1272 3168 1384 3248 abdita,

258 3274 333 3332 quae
352 3273 399 3314 res
417 3254 559 3316 humanas

300 3357 408 3433 opterit
426 3364 455 3417 et
472 3357 611 3433 pulchros
628 3357 717 3418 fascis
736 3376 902 3432 saevasque
920 3375 1038 3417 secures

300 3445 474 3519 proculcare
493 3461 528 3502 ac
543 3442 668 3503 ludibrio
687 3444 744 3503 sibi
762 3442 873 3504 habere
891 3443 1009 3503 videtur
1029 3439 1069 3526 (V
1089 3439 1280 3524 1233-35).

256 3547 363 3624 Baylio
381 3547 460 3606 enim
477 3546 565 3605 Lucr.
588 3545 617 3604 h.
639 3546 659 3604 l.
685 3547 887 3606 inconstanter
908 3546 968 3604 vim
987 3547 1134 3622 quandam
1152 3545 1206 3606 fati
1224 3564 1386 3622 agnoscere

256 3634 338 3692 visus
362 3636 423 3712 est,
454 3649 542 3706 quam
568 3631 686 3706 quidem
709 3631 937 3692 inconstantiam
964 3650 998 3691 eo
1022 3631 1113 3691 voluit
1142 3633 1278 3692 excusari
1308 3633 1387 3708 quod

258 3723 348 3793 pocta
366 3717 403 3777 de
420 3718 503 3792 volgi
521 3718 658 3792 opinione
676 3720 846 3792 loqueretur
862 3712 913 3800 (of.
926 3717 1077 3777 Eichstad.
1096 3717 1143 3777 od.
1158 3735 1210 3793 pg.
1230 3718 1269 3777 89
1288 3714 1386 3799 adn),

258 3805 309 3863 alii
335 3800 554 3885 (Reisackerus,
575 3807 700 3878 quaestt.
720 3804 850 3863 Lucrett.
868 3820 920 3878 pg.
940 3803 991 3880 35,
1010 3804 1063 3863 der
1081 3802 1320 3878 Todesgedanke
1338 3804 1388 3864 bei

259 3890 316 3948 den
337 3887 492 3967 Griechen,
517 3889 605 3947 Trier
625 3890 706 3947 1862
731 3907 782 3964 pg.
802 3890 860 3968 465
886 3889 1073 3964 Bindsoilius,
1098 3892 1226 3963 quaestt.
1255 3889 1387 3951 Lucret.

259 3975 409 4050 Tanglimi
441 3975 521 4033 1867
551 3993 601 4050 pg.
633 3969 688 4056 27)
717 3974 793 4034 hanc
821 3975 1048 4042 inconstantiam
1072 3974 1288 4053 imminuerunt,
1322 3992 1387 4034 cum

345 4172 374 4239 1)
391 4172 463 4226 Loco
480 4171 558 4228 huius
575 4173 694 4241 voculae,
717 4189 784 4242 quae
802 4174 900 4229 omissa
917 4176 960 4228 est
977 4172 1007 4226 in
1025 4171 1110 4241 codd,
1129 4173 1219 4229 nescio
1237 4189 1272 4228 an
1289 4173 1387 4231 substi-

258 4240 388 4296 tuendum
404 4241 441 4296 sit
460 4241 533 4306 ,ni“.
