3198 4938
679 317 850 372 ...211-

208 485 321 543 caelum
346 504 427 545 mare
451 491 547 546 terras
569 485 688 544 flumina
713 486 804 544 solem
829 485 1009 544 constituunt
1033 489 1101 544 cett.
1146 487 1228 545 Haec
1254 486 1331 545 enim

208 571 371 644 exemplum
401 571 551 630 continent
575 569 613 630 ad
640 569 868 629 confirmandam
894 572 1117 629 antecedentem
1145 573 1331 650 sententiam,

208 674 268 731 qua
285 657 401 716 sublata
425 657 499 718 illud
520 657 551 714 in
575 673 717 730 suspenso
743 653 829 714 foret.
873 655 964 714 Simul
989 657 1085 715 elucet
1104 674 1120 715 e
1138 674 1224 736 nexu,
1246 675 1333 732 quem

207 741 352 820 indicavi,
382 741 550 801 Gneissium
580 759 638 800 non
667 743 748 800 recte
779 740 875 798 videri
905 746 1079 815 exspectare
1115 742 1273 819 „semper“
1302 744 1333 801 in

207 846 236 886 v.
262 828 323 884 817
349 843 403 902 pro
429 845 464 886 eo
487 826 565 902 quod
588 830 686 886 exstat
704 823 835 902 „saepe“
857 844 954 901 neque
977 827 1034 886 hcc
1056 827 1098 886 ita
1117 826 1332 887 defendendum

209 929 276 971 esse
301 915 333 970 ut
349 913 399 971 Br.
425 911 497 972 facit
526 906 622 992 (Burs.
648 912 782 971 Jahresb.
813 912 894 969 1876
926 913 960 970 II-
982 907 1056 993 171)
1083 913 1217 990 „aliquid
1242 912 1334 972 refert

209 1013 334 1075 semper,
364 998 464 1072 magni
491 997 583 1056 refert
611 995 739 1075 saepe“,
774 995 828 1055 sed
863 996 905 1055 ita
937 1001 970 1056 ut
1002 1001 1145 1072 urgeatur
1173 1016 1333 1072 pronomen

211 1079 373 1161 „eadem“:
393 1099 483 1158 saepe
501 1084 550 1142 vel
568 1083 670 1143 eadem
688 1081 870 1157 primordia.
885 1127 892 1141 .
906 1127 912 1141 .
927 1082 1060 1142 diversas
1077 1101 1125 1142 res
1144 1084 1332 1144 constituunt.

209 1167 304 1226 Antea
324 1169 400 1227 enim
418 1169 516 1244 agitur
535 1168 572 1228 de
590 1168 715 1227 diversis
732 1167 915 1246 primordiis,
943 1187 1001 1228 non
1020 1170 1056 1227 de
1076 1169 1200 1247 eisdem,
1227 1175 1334 1229 utnon

209 1253 297 1312 liceat
313 1255 429 1312 extolli:
455 1272 545 1329 saepe
564 1255 690 1328 magni
716 1252 822 1330 refert,
845 1253 1032 1327 primordia.
1053 1298 1060 1313 .
1081 1299 1088 1312 .
1109 1255 1193 1327 Quod
1219 1256 1333 1330 perspi-

210 1339 280 1416 cies,
300 1339 324 1397 si
339 1359 387 1400 vv.
407 1341 469 1397 813
488 1358 554 1415 sqq.
576 1340 619 1398 ita
636 1338 856 1413 interpreteris:
884 1339 971 1398 certis
990 1341 1027 1398 ab
1046 1340 1134 1400 rebus
1154 1341 1272 1400 aluntur
1290 1341 1332 1400 di-

208 1441 312 1484 versae
330 1425 503 1503 animantes,
522 1425 668 1501 nimirum,
688 1423 758 1499 quia
773 1422 848 1483 etsi
860 1426 952 1482 multa
967 1425 1131 1484 communia
1148 1429 1216 1485 sunt
1234 1427 1332 1504 rebus,

209 1514 335 1568 tamen
353 1511 555 1570 multarum
573 1545 614 1554 -
635 1510 816 1569 diversarum
834 1527 991 1568 ——rerum
1014 1510 1176 1585 primordia
1192 1511 1222 1569 in
1245 1514 1333 1572 rebus

209 1595 300 1654 mixta
317 1599 385 1654 sunt
404 1639 411 1654 .
432 1640 468 1654 ..
513 1595 656 1668 Quoniam
680 1614 726 1653 vv.
751 1595 898 1652 817-19
924 1613 981 1654 111
1007 1595 1093 1656 modo
1121 1614 1178 1655 non
1201 1602 1335 1672 pugnant

209 1697 274 1738 curn
303 1698 371 1755 sqq.
399 1681 547 1738 sno-22
576 1714 618 1722 —-
646 1684 679 1739 ut
709 1679 846 1739 Gneissio
877 1679 1052 1740 videbantur
1074 1716 1116 1724 -
1139 1683 1192 1741 sed
1219 1681 1250 1739 hi
1274 1682 1334 1741 illis

209 1764 332 1826 sublatis
361 1767 478 1824 omnino
503 1770 584 1826 stare
609 1784 667 1825 non
692 1769 832 1843 possunt,
865 1766 902 1824 ad
927 1783 989 1824 rern
1013 1767 1086 1846 nilril
1112 1767 1184 1827 facit
1207 1768 1232 1827 si
1257 1767 1334 1828 forte

208 1851 302 1910 minus
327 1854 386 1911 late
409 1855 513 1927 patent
538 1852 567 1909 in
591 1851 611 1910 l.
636 1852 664 1909 ll
688 1846 874 1932 (1007-9),
898 1851 950 1910 ubi
972 1850 1081 1911 formas
1100 1854 1213 1912 colores
1231 1871 1334 1912 sensus

208 1940 289 1995 motu
315 1981 322 1995 .
347 1981 353 1996 .
379 1981 386 1996 .
413 1936 638 2012 primordiorum
664 1935 741 1996 effici
765 1937 945 2014 illustratur,
977 1956 1036 1997 non
1063 1938 1095 1996 id
1121 1939 1199 2013 quod
1224 1939 1253 1996 in
1278 1940 1297 1998 l.
1321 1940 1335 1996 l

210 2022 363 2100 „diversas
382 2039 444 2081 res
462 2023 613 2097 procreari
630 2027 710 2080 motu
729 2067 736 2081 .
757 2066 764 2081 .
785 2066 792 2080 .
812 2022 971 2081 eorundem
993 2022 1247 2096 primordiorum“.

293 2107 437 2165 Inferiore
455 2109 519 2165 loco
538 2107 606 2166 libri
623 2109 638 2165 l
657 2107 713 2166 Gn.
732 2125 790 2166 nou
809 2107 876 2166 illos
894 2126 942 2166 vv.
963 2109 1050 2186 solos,
1070 2109 1123 2169 sed
1146 2127 1246 2170 omnes
1264 2111 1334 2170 inde

209 2211 273 2252 av.
295 2194 356 2251 907
376 2194 414 2251 ad
432 2212 461 2251 v.
482 2193 544 2251 914
563 2192 757 2252 eliminandos
775 2210 840 2252 esse
858 2192 984 2252 iudicat:

252 2279 313 2336 907
333 2278 430 2336 iamne
448 2278 532 2337 vides
549 2277 641 2352 igitur
657 2279 745 2352 paulo
764 2279 843 2352 qnod
861 2276 987 2336 diximus
1008 2283 1077 2338 ante

293 2393 297 2398 ,
331 2363 486 2438 permagni
504 2363 615 2422 referre
634 2365 737 2423 eadem
755 2363 916 2439 primordia
934 2381 1033 2442 saepe,

333 2467 397 2507 cum
416 2449 521 2523 quibus
540 2453 569 2508 et
588 2449 668 2523 quali
686 2450 819 2523 positura
837 2449 1042 2509 contineantur

253 2534 315 2592 910
334 2539 364 2592 11
383 2553 455 2608 quos
474 2534 551 2593 inter
569 2551 601 2592 se
619 2533 690 2592 dent
707 2539 803 2594 motus
821 2534 1026 2609 accipiantque

333 2624 421 2694 atque
438 2618 541 2678 eadem
560 2620 647 2693 paulo
669 2619 748 2678 inter
765 2636 797 2678 se
815 2623 927 2678 mutata
951 2637 1053 2679 creare

331 2706 416 2779 ignes
435 2709 465 2764 et
482 2705 618 2779 lignum?
636 2721 693 2778 quo
712 2709 799 2779 pacto
819 2705 910 2764 verba
928 2722 1044 2781 quoque
1063 2705 1129 2781 ipsa

331 2791 409 2850 inter
426 2807 458 2850 se
476 2792 563 2864 paulo
581 2790 701 2848 mutatis
719 2795 786 2849 sunt
804 2791 967 2869 elementis,

332 2894 397 2935 cunr
416 2874 538 2955 „ligna“
557 2879 645 2949 atque
665 2873 790 2954 „ignes“
809 2876 950 2935 distincta
967 2894 1040 2936 voce
1059 2881 1202 2936 notemus.

206 2959 306 3035 Negat
330 2961 406 3020 enim
430 2961 598 3020 Lucretium
625 2960 746 3020 credere
770 2961 870 3036 ignem
896 2966 925 3020 et
950 2962 1062 3036 lignum
1088 2979 1125 3020 ex
1143 2962 1254 3021 eisdem
1272 2962 1330 3021 ele-

207 3046 312 3105 mentis
331 3052 482 3124 constare,
501 3046 638 3121 quoniam
655 3048 703 3104 vel
725 3047 886 3106 aetherium
911 3048 1011 3122 ignem
1036 3051 1066 3104 11
1083 3050 1253 3106 terrestrem
1273 3047 1331 3107 dis-

208 3136 319 3191 cernat.
363 3132 463 3206 Negat
488 3131 578 3206 igitur
600 3136 716 3190 exstare
735 3150 810 3206 quae
828 3131 874 3191 his
891 3133 1025 3191 versibus
1049 3125 1100 3213 (cf.
1126 3132 1224 3192 iamne
1249 3133 1332 3193 vides

207 3217 297 3293 igitur
315 3235 390 3291 quae
413 3217 500 3292 paulo
520 3215 645 3276 diximus
664 3212 744 3294 1111)
764 3218 972 3292 comprehendi
993 3215 1139 3278 videntur.
1165 3217 1204 3276 At
1221 3237 1249 3278 v.
1270 3220 1331 3277 902

208 3303 317 3362 diserte
344 3303 451 3362 dicitnr
472 3303 588 3361 ardoris
611 3302 756 3362 elementa
780 3305 872 3363 latere
897 3305 927 3362 in
952 3304 1043 3377 ligno.
1088 3302 1193 3362 Omnia
1210 3304 1284 3378 ligni
1303 3309 1332 3364 et

207 3387 284 3462 ignis
311 3389 455 3446 elementa
484 3388 585 3446 eadem
613 3404 677 3448 esse
707 3406 764 3446 non
794 3389 979 3448 contenditur
1007 3382 1057 3468 (cf.
1085 3381 1239 3448 909111]
1269 3391 1332 3464 qui·

207 3474 262 3532 bus
281 3469 511 3552 contineantur)3
534 3473 675 3531 immone
694 3473 750 3532 hoc
768 3474 971 3549 intellegamus
990 3473 1179 3549 prohibemur
1197 3477 1331 3550 exemplo

206 3562 362 3619 verborum
387 3557 501 3637 „ligni“
528 3563 558 3616 et
586 3556 713 3637 „ignis“,
741 3577 863 3634 quorum
889 3562 1035 3618 elementa
1059 3578 1097 3619 ne
1123 3561 1188 3635 ipsa
1214 3560 1332 3635 quidem

207 3645 304 3705 omnia
329 3645 432 3703 eadem
458 3647 541 3720 sunt,
566 3644 619 3702 scd
643 3645 750 3721 „paulo
775 3645 852 3704 inter
875 3663 907 3704 se
932 3642 1064 3704 mutata“
1092 3646 1111 3704 i.
1131 3663 1157 3704 e.
1185 3663 1221 3704 ex
1245 3651 1330 3720 parte

207 3729 324 3805 quidem
348 3729 476 3789 diversa.
526 3728 611 3802 Quod
636 3730 661 3788 si
687 3731 729 3788 ita
753 3735 806 3808 est,
835 3749 882 3789 vv.
908 3729 986 3805 quod
1010 3736 1215 3790 removeantur
1241 3749 1331 3790 causa

206 3835 264 3875 non
281 3819 386 3875 exstat.
891 3823 898 3830 '

291 3902 347 3959 Vv.
366 3901 393 3958 ll
413 3901 560 3958 760-62
580 3918 644 3958 cum
663 3900 907 3960 antecedentibus
925 3901 968 3959 ita
986 3901 1090 3960 conexi
1115 3906 1195 3961 sunt:
1230 3902 1256 3960 si
1273 3901 1332 3977 pri-

207 3987 321 4046 mordia
337 3987 417 4045 nullo
436 3986 534 4044 colore
552 3986 687 4059 praedita
706 3991 773 4044 sunt
793 3990 821 4044 et
839 3986 956 4045 variant
974 3988 1086 4045 colores

251 4077 407 4146 propterea
420 4064 536 4152 (codd.:
556 4066 724 4151 praeterea)
742 4071 844 4145 magni
863 4073 941 4145 quod
959 4071 1051 4131 refert
1068 4071 1180 4130 semina
1198 4089 1333 4146 quaeque

251 4174 315 4215 cum
335 4157 439 4230 quibus
458 4161 487 4215 et
506 4157 585 4230 quali
606 4157 737 4231 positura
756 4157 962 4215 contineantur

252 4245 281 4300 et
300 4259 373 4317 quos
391 4243 467 4301 inter
486 4259 517 4300 se
537 4241 608 4300 dent
625 4246 720 4301 motus
740 4242 955 4319 accipiantque,
