3198 4938
734 326 904 384 ..42-

255 495 430 556 monstravit
447 495 607 557 (loebeliue
623 496 702 557 iuter
718 497 881 557 sententiae
898 496 984 558 huius
1003 501 1033 556 et
1050 495 1253 558 antecedentis
1270 514 1383 575 versus,

255 580 351 654 quivis
369 582 474 657 opinor
490 582 579 643 facile
604 583 661 642 bae
684 584 799 644 ratione
817 582 964 658 explebit:
990 600 1092 643 omnes
1115 584 1314 660 proprietates
1340 599 1384 643 se-

254 665 371 726 iunctae
389 668 449 727 sint
466 685 589 729 necesse
608 674 654 729 est
671 688 690 728 a
706 668 870 745 principiis,
889 668 916 728 si
933 668 1110 730 immortalia
1127 669 1329 745 fundamenta,
1348 685 1386 728 ex

255 751 360 826 quibus
378 754 477 825 omnia
494 754 636 832 oriuntur,
666 757 755 816 rebus
773 755 952 830 subiungere
970 756 1113 815 volumus.
1157 756 1237 815 Hoc
1258 758 1385 814 autem

254 839 517 899 necessarium
543 844 616 919 est,
642 857 680 900 ue
705 841 760 902 tibi
783 857 832 901 res
856 840 896 900 ad
921 840 1013 900 nilum
1029 841 1163 901 redeant.
1208 841 1273 901 Hac
1294 841 1385 899 inter-

254 925 431 1002 pretatione,
450 925 476 985 si
493 942 566 990 vera
584 931 638 1005 est,
658 926 745 986 simul
762 926 906 1002 probatur
923 926 1099 987 sententiam
1116 944 1255 987 versuum
1273 927 1346 984 862.
1366 925 1385 983 3

255 1043 297 1052 —
321 1008 353 1068 id
377 1011 456 1085 quod
475 1011 627 1072 contendit
646 1011 805 1080 Goebelius
828 1045 870 1056 -
892 1029 951 1072 non
975 1013 1098 1072 eandem
1121 1029 1187 1073 esse
1206 1016 1296 1088 atque
1318 1028 1385 1071 ver-

255 1113 304 1155 sus
327 1096 400 1155 864.
699 1105 702 1112 “

341 1179 455 1242 Ceteris
472 1182 545 1242 locis
562 1182 611 1242 hic
628 1202 656 1243 v.
675 1183 814 1244 Lucretio
839 1203 898 1244 non
926 1201 980 1260 per
1004 1202 1038 1244 se
1062 1186 1142 1244 solus
1167 1183 1324 1261 adimitur;
1349 1180 1387 1241 de

254 1266 394 1340 primario
412 1270 476 1327 loco
495 1268 559 1329 eius
577 1267 614 1328 af.
633 1287 683 1344 pg.
704 1270 743 1328 36
764 1287 809 1344 sq.

339 1371 508 1429 11998=
531 1371 819 1431 V795=V821

298 1461 479 1532 quapropter
496 1456 601 1516 merito
618 1461 782 1518 maternum
800 1475 906 1518 nomen
923 1458 1034 1534 adepta
1052 1463 1107 1520 est.

426 1538 496 1622 (Gn.
515 1543 558 1600 30
575 1541 654 1621 adn,
673 1543 728 1603 To.
749 1544 810 1602 546
830 1541 922 1625 adn).

255 1643 288 1700 In
307 1645 327 1703 l.
345 1645 374 1702 11
398 1643 462 1704 iere
486 1662 588 1705 omnes
615 1644 693 1704 hunc
716 1665 745 1706 v.
767 1644 931 1706 tollendum
950 1663 1015 1705 esse
1032 1645 1174 1705 iudicant.
1218 1643 1385 1705 Ridiculum

255 1745 321 1788 esee
346 1729 388 1790 ait
406 1729 463 1789 Gn.
484 1728 583 1791 dicere
605 1736 715 1791 terram
739 1732 842 1792 matris
859 1749 965 1791 nomon
987 1731 1128 1791 merito
1151 1731 1290 1806 adeptam
1308 1747 1384 1809 esse,

255 1830 320 1874 cum
335 1815 440 1874 aether
456 1815 545 1891 paulo
563 1821 633 1876 aute
650 1822 737 1892 pater
753 1819 929 1894 appelletur.
957 1817 1056 1893 Atque
1072 1816 1129 1876 hoc
1147 1833 1263 1892 quoque
1281 1816 1386 1876 mirum

255 1916 330 1979 esse,
357 1900 427 1976 quia
453 1919 512 1961 non
537 1901 665 1962 addatur
688 1921 746 1978 qua
768 1921 800 1963 ro
820 1908 934 1979 patrem
954 1905 1144 1979 sepraestet.
1164 1901 1271 1960 —Ad
1296 1919 1385 1977 quae-

255 1985 378 2046 stionem
419 1993 549 2048 nostram
593 1989 689 2048 minus
731 1989 848 2064 quidem
883 1989 1014 2065 pertinet
1049 2023 1090 2032 —
1130 1987 1269 2063 quoniam
1303 1991 1385 2048 ante-

255 2072 394 2132 cedentes
419 2091 468 2132 vv.
494 2073 562 2133 ideo
594 2092 652 2133 non
683 2076 813 2149 suspecti
841 2074 989 2136 habentur
1018 2108 1074 2153 —,
1101 2074 1153 2133 sed
1180 2075 1271 2133 verbo
1296 2073 1386 2133 liceat

254 2175 373 2218 monere
391 2177 420 2218 v.
440 2160 502 2218 922
521 2158 580 2218 dici
599 2160 719 2237 „unde
737 2161 756 2220 i.
776 2177 803 2220 5.
822 2162 861 2221 ab
879 2160 999 2221 aethere
1015 2177 1079 2219 cum
1098 2160 1176 2219 alma
1192 2163 1288 2219 mater
1305 2162 1387 2218 terra

137 2303 141 2310 ,
253 2247 353 2319 guttas
371 2245 534 2321 recepit,
552 2243 614 2305 ieta
623 2246 704 2320 parit
714 2245 815 2322 fruges
835 2294 841 2308 .
860 2291 868 2306 .
888 2245 918 2305 .“
931 2245 995 2319 ,Qui
1012 2251 1092 2306 terra
1109 2250 1232 2305 matrem
1250 2262 1283 2305 se
1300 2262 1386 2319 prae·

253 2329 324 2389 beat
348 2330 495 2405 copiosius
519 2331 701 2410 illustratur3
725 2336 759 2391 ut
784 2349 819 2391 eo
844 2331 939 2391 minus
957 2332 1093 2391 mirabile
1111 2331 1150 2390 sit
1168 2347 1233 2390 eam
1251 2331 1386 2390 merito

252 2415 354 2475 matris
372 2433 479 2475 nomen
490 2415 629 2492 adeptam
648 2434 724 2477 esse.
770 2416 826 2477 Gn.
846 2416 964 2492 quidem
984 2417 1134 2477 contendit
1155 2414 1187 2474 id
1204 2421 1317 2476 tantum
1336 2433 1386 2474 ex-

252 2501 324 2576 poni
342 2505 453 2561 terram
475 2519 637 2578 pascere
662 2503 811 2581 homines,
837 2502 937 2578 itaque
961 2503 1043 2563 illum
1061 2521 1089 2562 v.
1108 2501 1138 2561 5.
1158 2503 1178 2562 Ι.
1203 2503 1298 2562 minus
1321 2519 1387 2561 osse

255 2591 355 2662 aptum
373 2605 462 2662 quam
480 2589 506 2648 V
519 2590 677 2668 821-23,
690 2590 741 2648 ubi
756 2593 866 2649 terram
878 2589 1051 2664 genuisse
1062 2588 1195 2648 homines
1209 2589 1384 2663 explicetur.

256 2707 298 2716 -
322 2672 362 2731 At
387 2672 459 2732 dicit
483 2674 570 2733 Lucr.
591 2675 663 2734 994.
683 2674 701 2732 5
725 2679 807 2734 terra
823 2675 930 2750 parit
947 2673 1048 2750 fruges
1075 2718 1138 2733 ...
1165 2679 1194 2733 et
1217 2690 1311 2749 genus
1332 2673 1385 2733 hu-

257 2777 383 2837 manum,
402 2759 509 2835 parit
530 2760 628 2819 omnia
645 2761 745 2820 saecla
762 2759 899 2820 ferarum.
944 2761 979 2818 Id
997 2761 1115 2834 quidem
1134 2777 1200 2819 cum
1219 2759 1324 2818 mirum
1344 2759 1386 2817 vi-

258 2844 379 2904 deatur:
400 2850 501 2921 „terra
517 2846 597 2920 parit
613 2845 756 2925 homines,
776 2863 855 2905 cum
872 2845 892 2904 i.
911 2862 937 2904 e.
957 2864 992 2905 eo
1010 2845 1089 2921 quod
1106 2845 1216 2921 pabula
1232 2843 1385 2923 praebct“,

257 2931 376 2990 minime
395 2932 610 2991 contemnenda
628 2937 672 2991 est
689 2931 856 2991 emendatio
874 2929 1137 2991 Hoerschelmanni
1160 2925 1334 3011 (observatt.
1356 2930 1387 2988 iu

257 3017 344 3076 Lucr.
364 3019 383 3076 l.
402 3018 449 3095 II,
477 3021 535 3076 act.
560 3034 619 3076 soc.
644 3017 718 3093 phil.
744 3017 825 3093 Lips.
849 3011 948 3099 V41)
976 3035 1031 3092 pro
1060 3015 1168 3094 „cum“
1196 3017 1387 3092 proponentis

258 3099 378 3181 „tum“;
397 3121 574 3178 quamquam
589 3103 688 3162 nescio
707 3121 745 3163 an
763 3121 822 3163 non
838 3103 1007 3163 necessaria
1023 3103 1071 3163 sit.
1089 3103 1166 3161 Nam
1184 3103 1211 3162 si
1226 3102 1388 3178 iunguntur

258 3189 366 3248 verba:
386 3189 465 3263 parit
481 3194 563 3248 terra
580 3188 668 3267 feras,
688 3207 754 3248 curn
771 3189 882 3265 pabula
898 3191 1039 3267 praebet,
1066 3189 1172 3263 quibus
1201 3232 1208 3247 .
1236 3232 1243 3247 .
1271 3232 1278 3247 .
1300 3205 1387 3263 pro-

257 3275 327 3332 lem
356 3279 594 3353 propagant,
621 3279 757 3350 apertum
774 3273 807 3346 qt
824 3275 875 3349 qui
892 3274 1008 3350 pabulis
1025 3273 1168 3350 praebitis
1187 3273 1275 3332 etiam
1291 3291 1388 3334 novae

257 3357 340 3418 ferae
363 3364 498 3419 creentur
522 3355 700 3440 (5511595
720 3377 785 3436 sqq.
811 3360 899 3420 tellus
924 3359 1058 3435 fruges
1081 3358 1247 3420 hominibus
1272 3359 1389 3419 extollit

258 3449 288 3504 et
306 3446 447 3520 pabula
475 3446 600 3520 praebet
628 3444 715 3505 feris:
746 3463 839 3521 quare
867 3463 976 3520 magna
1005 3445 1091 3504 deum
1115 3450 1210 3505 mater
1233 3449 1387 3520 materque

257 3529 385 3591 ferarum
412 3534 442 3591 55
467 3531 561 3590 nostri
585 3531 722 3606 genetrix
745 3531 820 3591 haec
846 3531 926 3590 dicta
949 3535 996 3590 cst
1020 3532 1152 3606 corporis
1174 3526 1254 3613 una).
1300 3531 1387 3590 Certe

257 3616 309 3676 illa
327 3617 472 3693 scriptura
490 3634 580 3676 causa
597 3635 655 3676 non
686 3622 731 3677 est
757 3616 837 3692 quod
855 3634 898 3696 u,
929 3635 1020 3692 quem·
1033 3619 1207 3696 tractamus,
1237 3621 1387 3692 tamquam

257 3884 337 3922 unam
361 3883 422 3922 cum
447 3867 590 3922 iacerem.
626 3868 706 3922 Certe
729 3881 784 3920 non
801 3865 867 3921 licet
882 3863 946 3920 inde
964 3864 1090 3934 colligere
1115 3867 1189 3930 ,dass
1215 3868 1294 3922 Lucr.
1322 3867 1388 3920 und

257 3936 434 3990 Memmius
461 3935 531 3990 diter
557 3951 710 3990 zusammen
737 3934 785 3989 aui
805 3934 887 4002 Jagd-
914 3934 969 3989 und
992 3935 1197 4004 Waldpartieen
1223 3937 1316 4004 gejagt
1332 3935 1388 3990 und

258 4005 304 4059 das
322 4006 397 4060 Echo
415 4005 577 4059 beobacbtet
593 4005 726 4070 blattam).
744 4035 779 4044 --
797 4003 845 4056 His
863 4002 928 4057 locis
944 4020 999 4057 non
1018 4009 1120 4058 certum
1138 4004 1269 4072 quendam
1287 4003 1387 4070 signifi-

187 4091 190 4098 ·
258 4073 313 4128 cari
336 4075 422 4128 altera
443 4089 559 4142 persona
581 4104 616 4113 -
639 4072 692 4127 nisi
715 4073 758 4128 hic
783 4087 845 4127 usus
868 4075 977 4140 pateret
1002 4087 1051 4140 per
1069 4077 1154 4127 totam
1172 4074 1336 4128 latinitatem
1357 4105 1386 4112 -

258 4141 409 4197 confirmari
426 4141 512 4209 possit
529 4158 551 4196 e.
572 4159 596 4210 g.
615 4159 638 4196 v.
649 4142 674 4196 V
684 4143 749 4197 260:
768 4141 892 4209 quoniam
910 4141 988 4194 dubio
1006 4142 1100 4208 procul
1113 4157 1171 4196 esee
1187 4141 1292 4198 videtur
1303 4141 1387 4196 omni·

257 4226 355 4280 parens
373 4227 462 4264 rerum
483 4215 511 4265 55
529 4226 668 4265 commune
686 4209 850 4279 sepulcrum,
878 4224 941 4276 ergo
960 4213 1034 4263 terra
1050 4210 1115 4264 tibi
1139 4210 1238 4265 libatur
1255 4215 1285 4266 et
1308 4221 1388 4265 aucta

257 4279 390 4339 recresoit.
