3198 4938
691 315 860 376 ..33-

210 486 398 548 Antecedunt
415 487 507 548 haec:
537 487 568 547 Si
592 487 623 546 in
648 488 743 563 spatio
761 489 874 549 infinito
896 481 1033 550 materies
1050 487 1132 549 finita
1150 493 1239 569 esset,
1258 507 1340 550 mun-

212 572 266 633 dus
293 575 388 633 creari
405 592 463 632 non
480 574 635 649 potuisset.
678 575 755 632 Nam
776 576 939 650 primordia
955 593 1051 650 neqne
1068 593 1205 650 umquam
1224 577 1254 635 in
1272 594 1340 636 con-

212 659 309 717 cilium
335 661 486 735 compulsa
511 659 649 718 coiissent
670 677 726 718 nec
750 666 871 734 possent
894 661 924 720 in
952 661 1074 720 concilio
1097 661 1216 720 morari.
1252 662 1340 720 'Huic

212 745 461 819 argumentationi
485 749 556 819 apte
580 745 768 820 subiungitur
793 747 873 821 quod
897 746 1059 821 primordia
1082 763 1141 805 non
1165 747 1340 808 consiliose

213 847 264 888 suo
290 831 356 890 loco
381 832 524 890 locarunt.
572 828 770 890 Nihilominus
794 833 945 907 expellere
963 849 1014 892 eos
1032 851 1079 891 vv.
1100 837 1242 891 conantur
1259 833 1339 892 Neu·

211 932 335 975 mannus
352 921 383 975 et
401 917 450 975 Br.
470 916 537 975 idco
554 916 737 991 potissimum
756 919 845 997 quod,
870 918 895 978 si
917 919 1010 978 verba
1029 915 1187 998 „servata“
1209 919 1290 977 1029
1311 925 1340 979 et

213 1000 389 1080 „coniecta“
404 1003 487 1060 1030
498 1001 679 1060 referrentur
696 1003 735 1061 ad
753 1005 934 1064 antecedens
954 1021 1195 1083 „rerumsumma
1207 1001 1338 1083 creata“,

212 1087 342 1146 absurda
367 1087 509 1147 evaderet
534 1087 681 1147 sententia
706 1106 870 1165 „summam
898 1094 1028 1150 creatam
1053 1093 1083 1150 et
1109 1134 1117 1148 .
1144 1134 1151 1148 .
1176 1091 1340 1150 coniectam

213 1171 330 1232 efficere
359 1178 392 1233 ut
420 1191 521 1233 amnes
549 1190 630 1231 mare
659 1173 825 1253 integrent,
862 1180 943 1235 terra
974 1174 1051 1235 fetus
1080 1180 1196 1235 novet.
1217 1173 1245 1236 .“
1277 1177 1339 1235 sive

214 1275 375 1336 „summam
401 1263 532 1318 creatam
558 1257 675 1318 efficere
700 1277 841 1320 summam
864 1259 1025 1322 creatam“.
1073 1260 1114 1319 At
1135 1263 1228 1321 verba
1246 1260 1340 1340 „hacc

212 1361 325 1403 summa
354 1350 455 1404 creata
483 1343 575 1404 efficit
603 1349 635 1404 ut
664 1362 765 1404 amnes
792 1364 873 1406 mare
901 1348 1116 1425 integrent,
1146 1352 1226 1406 terra
1251 1352 1340 1406 novet

212 1428 290 1488 fotus
318 1429 396 1491 cet.“
435 1448 494 1489 non
519 1429 687 1505 significant
712 1449 874 1508 „summam
898 1437 1027 1492 creatam
1056 1431 1174 1491 efficere
1198 1450 1340 1492 summam

212 1511 361 1574 creatam“
381 1517 452 1578 ,sed
483 1534 646 1592 „summam
680 1520 811 1575 creatam
842 1535 907 1578 sess
940 1517 1136 1578 conservare“
1168 1513 1219 1599 (of.
1257 1520 1338 1577 1037

213 1601 321 1659 amissa
352 1597 506 1684 reparare)
533 1601 596 1662 sive
627 1602 818 1682 „continuare
846 1608 956 1683 motus,
992 1605 1023 1663 in
1053 1621 1125 1678 quos
1154 1606 1246 1664 semel
1271 1623 1338 1664 con-

213 1685 291 1745 iecta
313 1683 383 1746 sit“.
430 1686 543 1760 Quodsi
571 1687 690 1762 copiose
718 1688 875 1763 exponitur
899 1708 957 1765 qua
985 1690 1100 1748 ratione
1128 1689 1203 1749 haec
1228 1707 1340 1749 summa

215 1776 444 1832 conservato
452 1790 476 1852 r,
495 1790 554 1832 non
572 1773 630 1832 nisi
647 1773 844 1833 concinnitate
856 1776 1029 1849 perturbata
1042 1775 1215 1834 omittuntur
1225 1793 1338 1855 versus,

214 1857 319 1931 quibus
348 1857 471 1918 docetur
500 1876 559 1933 qua
582 1859 697 1918 ratione
720 1864 857 1919 creata
874 1860 921 1921 sit.
966 1861 1046 1935 Ergo
1062 1861 1130 1920 illos
1147 1879 1251 1921 versus
1268 1862 1337 1920 reti-

212 1942 356 2003 nebimns.

297 2028 401 2088 Altera
413 2045 493 2107 pars,
512 2047 560 2088 vv.
573 2029 600 2089 V
614 2030 770 2108 187-91,
789 2030 963 2090 Neumanno
976 2031 1041 2106 ipsa
1056 2048 1173 2106 qnoque
1192 2031 1336 2109 displicet,

213 2115 265 2174 scd
292 2133 397 2174 causas
422 2133 480 2174 non
506 2116 593 2174 affert
616 2114 703 2175 huius
726 2116 837 2176 iudicii.
889 2117 993 2191 Itaque
1019 2117 1092 2180 satis
1113 2117 1210 2176 habco
1229 2116 1338 2176 dixisse

213 2218 279 2259 eam
306 2201 345 2260 ad
373 2219 479 2260 nexum
509 2201 760 2260 accommodatam
790 2219 873 2281 esse,
906 2203 1044 2276 quoniam
1074 2202 1222 2261 contineat
1251 2203 1338 2277 quale

213 2287 363 2361 specimen
388 2287 509 2346 creandi
534 2292 640 2346 natura
662 2287 788 2347 dederit.
839 2288 880 2347 At
904 2292 968 2348 tota
990 2288 1206 2363 argumentatio
1231 2287 1339 2348 indea

213 2391 240 2431 v.
270 2373 328 2430 181
356 2372 479 2432 confusa
502 2376 555 2432 est.
606 2373 647 2431 Ut
671 2374 749 2432 enim
773 2376 879 2449 probet
898 2373 984 2433 Lucr.
1003 2391 1060 2432 non
1084 2374 1122 2432 ab
1141 2373 1204 2433 deis
1223 2379 1338 2434 creatos

213 2475 279 2518 esse
304 2457 446 2537 homines,
470 2459 557 2536 unde,
583 2458 687 2538 inquit,
713 2459 759 2518 dis
784 2460 903 2520 notities
925 2454 1171 2540 (simulacrorum)
1189 2458 1337 2518 hominum

213 2544 300 2603 insita
319 2548 372 2622 est,
391 2549 423 2603 ut
440 2561 491 2603 cos
509 2543 608 2603 facere
625 2545 770 2620 possent?
793 2546 846 2606 scd
869 2544 1025 2620 sequentia
1047 2561 1105 2603 non
1123 2545 1181 2603 iam
1199 2544 1238 2603 ad
1256 2544 1337 2624 deos,

212 2630 266 2688 sed
292 2630 331 2688 ad
355 2629 486 2691 homines
508 2629 673 2705 pertinent:
699 2647 794 2704 quove
819 2630 906 2690 modo
933 2633 978 2690 est
1000 2630 1046 2689 vis
1068 2630 1278 2705 principiorum
1302 2674 1338 2689 ..

213 2714 332 2790 cognita
349 2710 403 2796 (sc.
422 2716 517 2795 nobis,
535 2734 594 2775 non
613 2710 701 2796 deis),
723 2716 749 2776 si
767 2735 825 2792 non
843 2718 910 2792 ipsa
927 2721 1033 2776 natura
1050 2715 1199 2791 specimen
1218 2716 1339 2774 creandi

213 2801 318 2860 dedit?
342 2801 455 2861 scilicet
478 2799 550 2860 hoc:
576 2819 612 2862 ex
637 2801 749 2861 infinito
774 2807 906 2879 tempore
933 2803 1095 2878 primordia
1123 2803 1221 2861 omnia
1249 2819 1337 2877 quae-

213 2904 336 2961 cumque
353 2892 476 2962 possent
493 2905 596 2946 creare
613 2892 835 2968 pertentarunt3
854 2893 887 2948 ut
904 2906 963 2947 non
981 2888 1020 2946 sit
1036 2888 1140 2947 mirum
1159 2885 1213 2968 (sc.
1229 2882 1337 2968 nobis),

211 2972 237 3031 11
253 2971 330 3032 hunc
348 2990 465 3048 quoqne
484 2976 592 3032 statum
610 2973 710 3033 mundi
728 2973 895 3043 effecerunt.
929 2973 1042 3047 Quodsi
1060 2973 1118 3032 iam
1136 2973 1281 3047 ignorem
1302 3016 1309 3030 .
1330 3016 1337 3030 .

213 3091 255 3100 -
280 3056 504 3134 Argumentatio
529 3058 572 3118 ita
595 3059 693 3134 potius
716 3059 898 3120 instituenda
925 3063 1002 3118 erat:
1027 3053 1107 3139 (Non
1133 3058 1181 3117 dei
1206 3057 1339 3117 homines

214 3149 357 3223 crearunt,
377 3145 514 3220 quoniam
533 3145 589 3204 hoc
607 3162 703 3219 neque
720 3145 793 3221 ipsis
808 3145 920 3222 profuit
931 3161 1028 3218 neque
1038 3139 1228 3226 hominibus).
1245 3145 1339 3202 Porro

212 3245 308 3289 nonne
333 3234 473 3290 natura
499 3231 647 3305 specimen
673 3231 793 3290 creandi
819 3231 887 3310 dat,
913 3233 943 3290 et
968 3248 1064 3289 nonne
1082 3233 1224 3289 natura
1242 3231 1338 3307 docet,

212 3315 284 3388 quid
308 3317 423 3391 possint
445 3316 622 3394 primordia,
647 3333 703 3375 nec
727 3335 799 3376 vero
825 3318 897 3377 dei?
920 3317 1000 3391 Ergo
1019 3334 1077 3375 non
1096 3315 1144 3375 dci
1163 3315 1215 3375 sed
1234 3319 1340 3375 natura

211 3400 345 3461 homines
373 3404 496 3462 creavit.
553 3402 613 3461 Sed
644 3403 696 3461 illa
730 3404 878 3464 aberratio
914 3403 1014 3462 nescio
1050 3420 1088 3461 an
1124 3402 1337 3477 quodammodo

212 3491 377 3565 excusetur,
402 3506 466 3548 cum
490 3487 624 3563 ponimus
642 3505 693 3547 eos
716 3489 753 3548 de
778 3489 884 3564 quibus
909 3489 972 3548 dixi
994 3506 1098 3548 versus
1117 3489 1214 3547 animo
1231 3491 1339 3563 pottae

210 3571 242 3629 in
260 3572 415 3634 scribendo
434 3576 607 3635 obversatos
625 3591 700 3633 esse.

298 3659 343 3718 De
361 3678 409 3719 vv.
428 3661 456 3718 11
477 3659 645 3717 1061-63
664 3659 702 3719 ct.
721 3678 771 3735 pg.
791 3661 810 3717 8
829 3678 873 3735 sq.

297 3745 360 3804 lam
377 3746 535 3806 transimus
552 3745 591 3804 ad
608 3746 703 3804 locum
720 3745 789 3806 libri
807 3746 833 3806 V
856 3739 1042 3827 (419-31),
1069 3763 1126 3820 quo
1148 3745 1217 3803 illae
1235 3750 1338 3820 partes

213 3829 510 3905 comprehenduntur.
562 3831 702 3892 Videmus
727 3849 778 3890 eas
803 3849 860 3890 non
885 3833 953 3890 laxe
977 3848 1044 3892 esse
1068 3831 1221 3906 copulatas
1239 3831 1337 3890 autin

213 3920 367 3976 centonem
393 3917 624 3997 contaminatas,
649 3916 702 3976 scd
728 3917 876 3977 artissime
900 3937 960 3976 una
982 3916 1105 3993 periodo
1124 3916 1286 3995 devinctas,
1306 3923 1338 3976 ut

212 4001 272 4060 alia
290 4019 328 4060 ex
345 4003 405 4063 alia
422 4022 499 4064 nexa
517 4008 547 4062 et
564 4020 665 4062 omnes
683 4003 760 4062 inter
777 4021 809 4062 se
827 4006 915 4078 aptae
934 4003 1150 4078 colligataeque
1170 4003 1337 4062 videantur.

212 4087 341 4148 Exstant
358 4093 457 4150 tamen
475 4091 609 4149 salebrae
627 4089 782 4168 quaedam,
808 4105 884 4164 quae
906 4088 937 4148 id
955 4089 1073 4164 quidem
1090 4088 1217 4164 produnt
1234 4105 1338 4148 versus

211 4173 238 4230 si
256 4191 315 4232 non
333 4193 435 4235 omnes
452 4181 483 4235 at
501 4194 538 4236 ex
555 4180 640 4250 parte
659 4174 776 4250 quidem
794 4173 823 4234 h.
842 4177 862 4234 l.
881 4193 940 4234 non
958 4175 1093 4250 primitus
1111 4175 1237 4251 scriptos
1262 4171 1339 4234 esse}

211 4257 329 4319 Etenim
355 4262 385 4320 in
410 4281 439 4321 v.
467 4263 529 4319 422
555 4261 735 4340 „primordia
757 4259 874 4320 rerum“
901 4277 1152 4337 supervacaneum
1177 4263 1222 4320 est
1246 4295 1282 4302 -
1306 4260 1338 4318 id

1117 4358 1135 4412 3
