3198 4938
681 335 852 394 -85-

202 511 315 569 Η111.
347 509 467 584 repetiti
499 501 608 569 51515
635 509 654 568 l.
684 510 708 586 I,
740 507 783 567 ita
814 513 847 568 11
880 526 977 588 „quae
1005 507 1080 570 nos“
1112 511 1143 569 in
1179 511 1225 591 „si
1252 509 1332 572 non“

203 599 375 655 mutaretur.
420 595 486 669 Qua
511 596 672 656 mutatione
702 593 812 668 duplex
837 593 994 654 difficultas
1018 599 1088 655 nata
1113 604 1167 658 est.
1204 598 1333 656 Primum

204 682 281 741 enim
307 682 401 760 deest,
426 683 528 756 quod
551 683 644 741 cimus
670 685 699 740 51
723 697 820 755 quae
844 687 992 755 nequeant
1017 725 1024 740 .
1045 726 1052 740 .
1073 725 1081 760 ,
1106 687 1262 757 praeterea
1284 701 1333 744 vv.

204 785 268 828 oum
287 767 532 828 antecedentibus
550 785 607 826 nou
627 769 830 826 conectuntur.
861 765 974 839 Quibus
987 767 1024 825 de
1036 768 1132 828 causis
1148 768 1206 828 iam
1218 767 1332 828 Bo'cke-

204 853 362 912 muellerus
381 869 432 912 eos
451 871 509 911 nna
527 870 591 911 cnm
610 848 745 926 sequenti
761 851 856 910 eiecit.
899 851 957 910 Alii
969 847 1136 932 (Christius,
1149 853 1187 913 cf.
1199 855 1249 913 Br.
1262 856 1281 913 l.
1298 849 1333 937 l.)

205 944 294 998 antea
317 940 452 998 lacunam
476 942 617 1015 statuunt,
643 938 693 996 Br.
720 941 819 997 antem
844 955 894 996 eos
919 938 1061 1013 reliquias
1083 940 1225 1013 pristinae
1245 958 1333 1015 argn-

186 1097 190 1104 .
205 1024 393 1084 mentationis
409 1023 554 1084 uberioris
565 1025 798 1104 (verstiimmelte
810 1023 904 1082 1111515
916 1019 1066 1106 Fassung)
1079 1043 1145 1085 osse
1157 1026 1332 1103 suspicatur,

205 1111 307 1169 Munro
320 1110 448 1184 denique
460 1109 593 1169 defendit
603 1126 664 1188 eos,
676 1126 741 1168 cum
754 1109 994 1183 exsequentibus
1007 1110 1183 1188 „quaesita“
1194 1110 1332 1191 „omnia“

205 1196 350 1255 obiectum
367 1199 397 1254 et
409 1195 573 1254 subiectum
587 1213 664 1270 quae
680 1191 886 1253 desiderantur
905 1194 943 1254 ad
961 1197 1053 1254 verba
1070 1194 1202 1274 „cimns“
1218 1201 1247 1256 et
1262 1215 1332 1277 „ne-

205 1277 334 1356 queant“
351 1286 481 1340 revocat.
497 1315 533 1322 -
547 1281 615 1340 Non
630 1279 748 1355 quidem
766 1280 1007 1355 interpolatorem
1022 1297 1073 1340 eos
1092 1299 1108 1340 e
1128 1284 1148 1341 l.
1164 1284 1180 1341 I
1197 1282 1332 1357 deprom-

204 1368 301 1442 psisse
318 1369 367 1426 vol
389 1385 426 1426 ex
444 1367 605 1426 mutatione
624 1369 730 1443 elucet,
756 1366 930 1440 praesertim
954 1384 1018 1425 cum
1041 1373 1216 1428 conservata
1238 1367 1333 1427 forma

206 1453 307 1512 nativa
332 1452 426 1511 altera
451 1456 532 1511 certo
557 1452 693 1512 molestia
715 1451 811 1510 111515
836 1456 915 1512 55551
939 1446 1028 1531 (quae
1045 1470 1100 1512 nos
1121 1497 1128 1512 .
1148 1498 1156 1512 .
1176 1454 1277 1533 cimus,
1297 1472 1332 1513 ea

206 1542 310 1613 sponte
322 1554 375 1597 sua
387 1532 558 1618 nequeant).
587 1536 832 1612 Interpolatorem
844 1537 948 1612 opinor
960 1539 1036 1598 tales
1047 1539 1201 1599 molestiae
1215 1540 1331 1598 omniuo

186 1665 188 1668 -
207 1640 265 1681 non
282 1621 438 1698 fugissent.
460 1623 500 1682 At
514 1623 564 1698 qui
577 1643 626 1682 11.
639 1622 782 1682 memoria
795 1624 925 1700 tenebat,
938 1640 1004 1682 eum
1016 1622 1102 1682 facile
1114 1623 1218 1684 fallere
1229 1629 1331 1699 potue-

206 1713 283 1786 rrmt,
305 1727 369 1767 cum
388 1709 537 1768 scribendi
554 1708 653 1768 studio
673 1708 816 1786 ferretum
839 1743 875 1748 —
894 1707 1063 1768 Lucretium
1081 1714 1179 1768 antem
1198 1712 1332 1784 quamvis

208 1795 438 1873 „pedetemptim
455 1791 715 1870 progredientem“
738 1798 838 1853 tamen
855 1794 962 1854 multas
979 1799 1081 1867 partes
1100 1796 1237 1855 carminis
1256 1798 1331 1854 eole-

206 1880 279 1940 riter
296 1879 459 1940 confecisse
477 1898 493 1939 e
512 1880 710 1955 compluribus
728 1879 845 1938 indiciis
865 1881 1003 1955 cognosci
1022 1881 1093 1939 licet
1110 1883 1191 1940 velut
1205 1899 1221 1940 e
1235 1882 1332 1956 longis

205 1965 346 2044 periodis,
365 1966 468 2040 quales
486 1969 604 2026 exstant
620 1965 635 2023 Ι
653 1965 714 2023 936
734 1982 799 2039 sqq.
820 1959 873 2046 (z
892 1966 934 2023 IV
954 1967 991 2022 11
1011 1959 1101 2047 sqq),
1124 1966 1153 2023 Π
1173 1965 1232 2024 757
1254 1985 1331 2045 sqq,

204 2050 320 2109 111425
333 2068 399 2126 sqq.
413 2045 463 2134 (cf.
477 2052 572 2110 11151.
585 2046 656 2132 ed),
669 2051 695 2110 V
708 2049 747 2108 55
760 2068 835 2128 sqq,
851 2051 877 2109 V
889 2051 951 2107 419
964 2068 1029 2125 sqq.
1044 2049 1125 2131 (zl
1139 2053 1219 2110 1021
1233 2049 1330 2134 sqq.);

204 2156 253 2195 vv.
271 2138 286 2196 I
306 2137 408 2194 1-25
427 2137 630 2212 praetermitto
648 2137 685 2195 de
705 2135 835 2196 consilio.
852 2170 888 2177 --
901 2135 1059 2196 Notionem
1078 2138 1156 2196 enim
1173 2135 1329 2216 ,1113515ιι

205 2223 268 2282 5115
288 2219 439 2302 „fetuum“
464 2223 530 2298 quis
549 2223 706 2301 desideret,
733 2240 797 2281 cum
824 2222 861 2280 de
890 2220 1070 2281 fecundis
1098 2223 1194 2297 glebis
1217 2223 1332 2282 dicatur

206 2301 318 2390 (210)?
352 2309 437 2368 Hanc
462 2308 557 2382 ipsam
581 2309 618 2368 ob
644 2325 707 2366 rem
724 2307 860 2366 lacunam
877 2325 936 2366 555
954 2325 1083 2383 agnosco
1104 2344 1141 2349 —
1162 2327 1198 2368 ex
1217 2309 1331 2368 incerta

204 2395 351 2453 locutione
382 2390 611 2474 „quaesita“
638 2395 699 2452 213
730 2389 867 2471 „omnia“
900 2394 962 2450 214
990 2394 1039 2452 vel
1065 2396 1182 2454 elucere
1211 2393 1331 2454 videtur

205 2483 315 2539 certam
344 2479 473 2555 aliquam
500 2497 604 2539 vocem
630 2498 688 2538 nou
713 2478 908 2539 antecessisse
936 2498 992 2557 —3
1023 2482 1170 2538 structura
1195 2497 1266 2538 vero
1294 2497 1328 2538 eo

205 2564 283 2639 qnod
307 2565 453 2626 obiectum
477 2565 622 2624 omittitur
646 2583 705 2624 non
729 2564 849 2640 gravium
877 2563 1002 2623 violatur
1026 2583 1113 2640 quam
1138 2566 1227 2640 paulo
1252 2563 1329 2624 infra

204 2652 230 2709 V
250 2649 328 2708 225:
346 2668 420 2726 puer
430 2650 508 2711 iacet
519 2651 658 2727 indigusa
671 2650 771 2727 uxilio,
795 2668 860 2709 cum
877 2649 1002 2724 primum
1020 2650 1049 2708 in
1066 2650 1182 2710 luminis
1205 2669 1273 2710 oras
1292 2696 1299 2711 .
1320 2696 1327 2710 .

203 2741 309 2795 natura
332 2736 463 2812 profudit
485 2754 526 2797 sc.
552 2754 634 2815 eum3
661 2736 688 2795 V
711 2735 791 2794 1251
813 2780 820 2794 .
842 2781 849 2794 .
868 2734 955 2795 15155
979 2739 1067 2811 atque
1092 2737 1155 2811 igni
1179 2738 1262 2811 prius
1285 2741 1330 2796 est

202 2822 339 2882 venarier
363 2827 457 2882 ortum
480 2840 568 2897 qnam
593 2822 710 2897 saepire
735 2821 832 2896 plagis
858 2823 966 2880 saltum
991 2822 1171 2896 canibusque
1190 2823 1268 2882 ciere
1286 2840 1327 2882 sc.

203 2908 291 2986 feras,
310 2925 386 2983 quae
396 2925 456 2966 vox
469 2927 498 2967 v.
514 2909 595 2966 1249
612 2907 774 2986 antecedit;
794 2909 819 2966 V
833 2907 893 2965 156
907 2907 1006 2966 dicere
1022 2951 1029 2968 .
1050 2951 1057 2966 .
1076 2907 1225 2967 hominum
1239 2926 1329 2968 causa

204 2995 330 3054 voluisse
352 3011 460 3068 parare
477 2995 661 3070 praeclaram
680 2993 781 3052 mundi
798 2997 934 3052 naturam
953 3037 960 3051 .
981 3037 988 3051 .
1015 3010 1056 3052 sc.
1081 2991 1193 3071 „deos“
1214 2995 1327 3067 quode

206 3077 366 3159 „deorum“
398 3079 460 3137 154
483 3080 682 3139 revocandum
707 3083 768 3157 est,
797 3079 839 3137 IV
867 3079 947 3136 1139
974 3079 1054 3152 quod
1076 3078 1196 3136 nimium
1217 3079 1329 3138 iactare

203 3170 286 3240 putat
308 3165 408 3224 oculos
430 3183 471 3225 sc.
499 3183 564 3225 eam
590 3183 666 3240 qnae
685 3164 717 3223 in
736 3164 850 3222 deliciis
868 3168 913 3224 est
931 3167 961 3222 et
978 3163 1123 3223 interdum
1142 3163 1172 3221 in
1191 3165 1329 3239 ambiguo

202 3253 325 3312 verbum
349 3251 478 3312 iaculata
501 3251 642 3325 relinquit
667 3243 788 3332 (1137).
833 3249 999 3308 (1551515115
1025 3249 1114 3310 etiam
1137 3249 1166 3307 11
1186 3251 1247 3308 194
1265 3269 1327 3324 sq:

246 3336 325 3412 quod
342 3353 437 3411 genus
456 3355 472 3396 e
489 3342 590 3396 nostro
609 3354 673 3396 oom
691 3336 797 3396 missus
815 3353 939 3412 corpore
957 3336 1078 3410 sanguis

247 3423 352 3483 emicat
371 3425 506 3482 exultans
523 3423 584 3482 5115
602 3423 837 3498 spargitque
856 3440 987 3481 cruorem
1006 3439 1047 3481 se.
1066 3439 1182 3496 corpus.

203 3509 218 3567 1
236 3508 297 3567 351
317 3526 382 3583 sqq.
402 3513 537 3568 crescunt
555 3510 677 3569 arbusta
697 3512 727 3567 et
744 3507 821 3567 fetus
839 3507 869 3566 in
887 3512 1018 3582 tempore
1036 3505 1171 3586 fundunt,

247 3594 326 3669 quod
344 3595 427 3654 cibus
446 3595 476 3652 in
494 3597 597 3654 totas
616 3588 670 3674 (sc.
689 3589 824 3676 arbores)
842 3611 935 3668 usqne
953 3594 991 3652 ab
1009 3593 1159 3653 radicibus
1177 3592 1243 3652 imis

244 3698 299 3756 per
316 3685 435 3739 1115555
453 3698 489 3740 55
506 3697 561 3755 per
577 3697 674 3738 ramos
693 3680 863 3739 diffunditur
882 3679 985 3738 omnis.

203 3765 319 3826 Similes
347 3765 535 3826 soloecismos
565 3769 719 3839 congestos
748 3764 880 3824 invenies
907 3765 937 3823 in
965 3764 1072 3823 Philol.
1103 3763 1153 3841 26,
1185 3764 1256 3821 297.
1287 3797 1328 3804 -

202 3851 305 3911 Α11515
329 3852 468 3930 offensio,
500 3852 578 3927 quod
604 3851 745 3910 orationis
770 3851 915 3929 vinculum
941 3849 1040 3926 deest,
1070 3849 1137 3908 ideo
1162 3849 1257 3907 levior
1283 3852 1329 3907 est

203 3939 283 4012 quod
307 3937 354 3996 his
378 3937 513 3998 versibus
538 3938 678 3996 dilatatur
704 3937 885 3995 antecedens
910 3936 1072 3995 sententia:
1107 3935 1172 4013 „vis
1201 3933 1329 3992 hnmana

203 4025 335 4084 sentibus
352 4024 466 4083 resistit
484 4027 625 4082 consueta
642 4026 751 4081 terram
769 4022 959 4096 proscindere
978 4017 1119 4080 avatris“.
1148 4020 1213 4078 Nec
1230 4023 1328 4078 tamen

203 4111 296 4170 solam
320 4109 523 4169 dilatationem
549 4109 698 4169 continent
717 4107 770 4167 sed
793 4108 878 4167 simul
897 4107 1058 4166 orationem
1078 4105 1265 4164 continuant:
1290 4122 1328 4163 ne

201 4201 309 4256 551115
337 4213 410 4254 5115
439 4194 570 4256 sentibus
599 4194 740 4272 obducat,
777 4194 822 4252 vis
857 4194 984 4252 hnmana
1017 4191 1184 4252 resistat
1214 4193 1329 4265 oportet

201 4281 330 4360 arando,
356 4286 476 4341 arantes
501 4282 617 4341 cimus
641 4280 742 4355 fruges
766 4281 811 4339 ad
836 4285 974 4357 ortum,
1005 4282 1157 4338 ettamen
1181 4274 1328 4336 interdum

1090 4375 1123 4428 3*
