3198 4938
690 215 910 314 &ro-

257 425 325 483 Non
354 424 483 482 voluisse
511 425 681 484 Lucretium
708 425 767 490 hos¹
798 442 902 484 versus
934 430 993 484 tam
1028 445 1119 501 parvo
1149 429 1305 489 intervallo
1334 433 1387 492 ite·

257 529 320 572 rum
351 527 460 584 ponere
485 510 606 568 Lachm.
636 511 693 569 iarn
719 512 864 588 ostendit,
895 529 960 570 cum
989 531 1036 571 vv.
1063 515 1211 573 522-28
1238 521 1388 591 tamquam

258 595 403 655 emblema
422 596 505 654 uncis
523 596 697 656 includeret.
733 595 866 672 Apparet
885 597 962 656 enim
981 615 1032 658 eos
1050 619 1107 658 non
1126 619 1183 659 uno
1202 606 1304 660 tenore
1324 621 1388 662 cum

258 699 326 755 sqq.
347 681 494 738 529-31
515 682 641 756 scriptos
664 700 747 760 esse3
776 683 881 757 quibus
907 684 1050 758 aptiorem
1074 687 1279 746 transitionem
1298 690 1388 748 conti-

257 772 344 845 nent,
371 766 509 840 quoniam
538 785 699 844 „generum
723 768 905 843 singulorum
936 764 1188 854 (primordiorum)
1213 773 1388 848 significatio

257 853 415 927 praeteriri
445 870 503 910 non
533 851 666 912 debuit“.
718 854 784 912 Non
811 854 929 928 quidem
957 856 1073 931 integra
1096 863 1141 917 est
1166 858 1241 917 haec
1266 859 1389 919 inferior

258 939 411 1017 transiti03
431 938 585 997 incohatur
604 940 681 997 enim
699 956 717 997 a
733 940 832 1000 verbis
851 941 1006 1017 „versibus
1022 942 1195 1002 ostendam“
1217 945 1289 1004 529.
1330 947 1387 1005 Ita-

259 1042 320 1099 que¹
336 1024 531 1100 Bernaysium
556 1029 672 1084 secutus
692 1024 780 1084 oredo
802 1029 891 1085 antea
916 1045 1004 1085 unum
1024 1030 1072 1087 vel
1097 1031 1197 1104 plures
1215 1048 1320 1090 versus
1339 1051 1388 1090 ex-

259 1110 382 1189 cidisse,
404 1109 587 1168 huic-autem
606 1110 771 1170 transitioni
790 1109 880 1168 -id
904 1113 983 1187 quod
1004 1113 1125 1174 Lachm.
1147 1115 1210 1174 fere
1233 1117 1326 1176 voluit
1349 1151 1389 1160 -

259 1202 362 1270 postea
380 1195 553 1258 substitutos
572 1213 637 1255 esse
653 1215 701 1255 vv.
722 1196 879 1256 522-28,
925 1197 990 1270 Qua
1018 1201 1131 1260 ratione
1162 1202 1298 1276 repetitio
1324 1221 1389 1261 ver-

259 1301 352 1360 suum,
372 1284 408 1342 de
427 1281 533 1356 quibus
551 1283 674 1359 agimus,
694 1283 765 1342 satis
784 1287 951 1343 excusatur.

259 1368 359 1427 Verba
376 1372 474 1426 autem
492 1385 629 1426 versuum
647 1369 687 1426 lV
707 1369 778 1427 246.
799 1371 816 1426 7
837 1376 866 1428 et
886 1370 925 1427 lV
943 1371 1014 1428 280.
1038 1372 1052 1427 1

765 1504 768 1511 .
867 1455 1016 1529 protrudit
1040 1457 1161 1531 agitque

346 1547 416 1610 adra
436 1540 486 1615 qui
505 1539 582 1598 inter
601 1557 632 1598 se
656 1557 779 1615 eumque
798 1545 842 1599 est
860 1543 1020 1616 oculosque
1037 1543 1161 1621 locatus,

552 1624 621 1706 (Gn.
641 1627 692 1703 80,
714 1626 762 1684 Br.
783 1622 870 1705 207).

261 1731 437 1788 quamquam
456 1712 544 1771 etiam
562 1711 674 1770 minore
699 1711 855 1772 intervallo
881 1713 1039 1790 iterantur,
1067 1718 1165 1772 tamen
1188 1731 1245 1771 non
1273 1714 1390 1772 videtur

261 1799 413 1874 probabile
432 1797 560 1856 futurum
579 1797 669 1856 fuisse
687 1802 720 1856 ut
737 1815 874 1872 umquam
893 1800 986 1857 altero
1005 1799 1070 1857 loco
1089 1804 1282 1858 mutarentur.
1312 1800 1390 1858 Tota

261 1885 337 1944 enim
356 1902 443 1962 pars,
466 1885 496 1942 in
516 1901 575 1957 qua
593 1886 726 1960 exstant,
750 1883 814 1941 siue
832 1884 1054 1958 intercapedine
1080 1885 1246 1960 conscripta
1264 1885 1389 1944 videtur.

260 1973 370 2030 Versus
396 1987 466 2029 vero
491 1985 591 2027 omnes
617 1969 686 2027 inde
711 1987 729 2027 a
755 1970 816 2027 269
844 1969 883 2027 ad
906 1970 966 2027 291
988 1988 1045 2043 quo
1064 1971 1127 2028 iure
1144 1970 1200 2030 Gn.
1226 1976 1334 2048 tentet,
1362 1977 1391 2030 et

260 2057 325 2130 ipse
343 2054 533 2131 persentiscit
552 2059 581 2112 et
602 2055 780 2128 aBriegero
803 2060 883 2113 recte
910 2061 1097 2114 monstratur.
1143 2056 1202 2115 Sed
1229 2058 1265 2115 de
1292 2057 1392 2116 verbis

263 2136 361 2222 „quod
379 2139 493 2216 genus“
511 2142 583 2217 271,
603 2159 679 2214 quae
695 2140 831 2200 Gneissio
846 2141 933 2201 aliter
951 2159 986 2200 ac
1000 2142 1115 2200 soleant
1130 2142 1226 2216 posita
1245 2142 1390 2219 videntur,

260 2246 356 2303 pauca
374 2228 484 2286 addere
502 2226 601 2284 liceat.
648 2225 743 2283 Credo
763 2227 839 2284 enim
866 2230 958 2285 totam
981 2227 1244 2305 comparationem,
1272 2245 1347 2302 quae
1373 2245 1391 2284 a

177 2352 182 2361 ·
260 2333 288 2371 v.
309 2315 370 2370 271
397 2312 476 2387 quod
495 2329 587 2386 genus
607 2355 614 2369 .
635 2355 641 2368 .
661 2311 790 2385 pertinet
808 2311 846 2370 ad
864 2331 892 2370 v.
912 2313 973 2370 278
1000 2313 1245 2390 transpioiuntur,
1274 2311 1390 2371 trahen-

262 2399 330 2458 dam
348 2417 412 2458 esse
431 2399 470 2456 ad
488 2397 659 2473 sequentia,
678 2401 711 2456 ut
731 2398 830 2476 „quod
848 2395 962 2472 genus“
990 2400 1050 2456 271
1073 2405 1102 2458 et
1126 2397 1209 2478 „sio“
1228 2399 1289 2456 279
1314 2398 1392 2456 inter

261 2504 293 2544 se
323 2484 532 2560 respondeant.
589 2483 704 2542 Etenim
739 2481 770 2540 id
801 2483 878 2557 quod
912 2484 1119 2558 exponendum
1148 2490 1193 2544 est
1223 2502 1294 2564 „cur
1314 2485 1393 2542 ultra

261 2573 411 2645 speculum
438 2569 636 2644 conspiciatur
663 2567 782 2643 imago“
812 2570 977 2629 illustratur
1011 2573 1151 2646 exemplo'
1175 2589 1289 2648 rerum,
1317 2587 1393 2644 quae

261 2655 332 2714 foris
358 2674 411 2731 per
432 2656 549 2714 ianuam
574 2655 815 2729 transpioiuntur,
861 2657 960 2715 Verba
984 2661 1081 2714 autem
1107 2657 1153 2732 „is
1172 2674 1289 2728 quoqne
1315 2655 1393 2713 enim

262 2743 341 2801 visus
372 2741 482 2816 duplici
511 2739 543 2799 fit
571 2738 661 2798 adre“
692 2741 754 2796 274
785 2746 901 2800 sumunt
928 2742 961 2800 id
988 2743 1083 2816 ipsum
1113 2745 1262 2813 tamquam
1292 2741 1392 2813 explo-

262 2833 374 2905 ratum,
406 2825 483 2901 quod
515 2825 731 2900 expediendum
765 2831 811 2884 est
843 2844 884 2886 sc.
915 2845 1034 2886 causam
1067 2843 1118 2884 cur
1148 2825 1220 2882 illud
1250 2823 1302 2884 fiat
1327 2841 1393 2883 esse

263 2913 408 2989 duplicem
431 2919 539 2971 aerem.
585 2911 671 2984 Quod
696 2929 761 2970 oum
785 2930 844 2970 non
870 2912 1027 2971 antecedat
1055 2911 1109 2969 sed
1137 2914 1289 2988 sequatur,
1314 2928 1392 2968 com·

261 2999 376 3075 paratio
409 2997 447 3056 ad
481 2998 636 3079 sequentia
664 2998 786 3056 tendere
816 2997 971 3057 statuenda
1001 3000 1046 3055 est
1076 2997 1118 3055 ita
1146 3002 1179 3056 ut
1206 2997 1258 3055 illa
1286 3013 1392 3072 paren·

261 3086 370 3163 thesis,
397 3103 486 3158 quam
510 3089 580 3159 puto
607 3101 672 3143 esse
696 3084 788 3142 verba
813 3084 858 3163 „is
884 3100 1000 3158 quoque
1027 3082 1104 3142 enim
1127 3117 1169 3124 —
1197 3081 1393 3157 transpioiun-

262 3168 329 3230 tur“
357 3169 521 3248 274-78,
549 3188 613 3228 eam
638 3169 734 3243 ipsam
758 3170 822 3228 sive
847 3174 967 3228 excuset
996 3169 1058 3227 sive
1086 3170 1263 3241 comprobet.
1316 3164 1392 3221 Huic

262 3255 499 3330 interpretationi
536 3273 595 3314 non
627 3256 713 3314 obest
750 3257 828 3329 quod
857 3256 938 3330 prius
971 3253 1197 3329 comparationis
1231 3250 1392 3308 membrum

263 3341 355 3418 (quod
384 3336 557 3423 genus..)
586 3359 644 3398 non
673 3342 760 3415 plene
790 3341 918 3400 effertur.
982 3341 1059 3399 Nam
1087 3335 1161 3397 haec
1190 3337 1310 3396 licentia
1340 3352 1393 3410 per

262 3445 376 3487 omnem
405 3431 488 3501 patet
516 3426 699 3485 latinitatem.
743 3427 789 3484 Ne
814 3427 886 3485 illud
910 3424 1029 3501 quidem
1055 3427 1208 3483 molestum
1233 3423 1288 3482 erit
1315 3421 1394 3496 quod

263 3516 342 3573 nullo
362 3513 502 3572 orationis
519 3512 635 3571 vinculo
655 3531 719 3571 cum
737 3511 980 3571 antecedentibus
999 3512 1144 3587 iungitur,
1164 3510 1309 3583 siquidem
1328 3507 1390 3564 ani-

263 3599 457 3659 madverteris
475 3601 512 3659 ab
540 3617 574 3657 ea
596 3599 686 3657 ordiri
710 3599 805 3672 ipsam
830 3599 1072 3675 explicationem3
1100 3595 1136 3654 cf.
1156 3596 1199 3652 Ill
1220 3593 1303 3649 1060
1330 3589 1390 3649 exit

264 3704 354 3762 saepe
372 3730 401 3745 ..
420 3686 461 3745 IV
472 3686 535 3743 387
552 3703 610 3759 qua
627 3683 762 3742 vehimur
780 3683 848 3742 navi
862 3728 889 3743 ..
909 3684 1010 3742 V200
1028 3681 1173 3757 principio
1190 3682 1352 3752 quantum.
1373 3720 1390 3753 .,

265 3847 471 3858 ..m—...-

265 3939 425 3996 antecedere
449 3937 536 3992 verbis
563 3937 630 4002 ,iam
653 3943 772 3992 rursum“
797 3935 872 4008 (481)
898 3968 933 3976 -
957 3949 1024 4002 quae
1047 3949 1103 3987 non
1129 3931 1294 3999 interpretor
1322 3944 1397 4010 „zum

264 4012 288 4064 2.
314 4011 402 4074 Mal“‚
431 4009 477 4062 sed
507 4009 561 4070 „ita
586 4012 617 4061 ut
643 4009 763 4074 superior
789 4007 877 4073 aliqua
902 4003 1100 4072 argumentatio
1123 4001 1311 4070 perturbetur“
1343 4014 1398 4079 sive

268 4095 373 4144 „rursus
391 4078 565 4142 resolvatnr“‚
591 4077 624 4130 of.
642 4079 655 4129 Ι
673 4077 725 4130 660
743 4092 794 4130 nec
811 4092 915 4129 rursum
938 4077 1053 4127 cernunt
1071 4075 1197 4138 exempto
1222 4069 1303 4122 rebus
1323 4069 1398 4120 inani

265 4148 354 4202 omnia
371 4147 477 4201 denseri
495 4176 529 4186 -
546 4161 600 4198 non
618 4146 764 4212 indicatnr;
789 4142 931 4198 monstrari
948 4146 1038 4196 autem
1056 4141 1181 4194 videntur
1199 4153 1264 4192 voce
1287 4144 1395 4205 „supra“

264 4219 317 4272 499
336 4235 375 4270 vv.
395 4218 477 4270 1615
496 4232 550 4282 sqq.
