3198 4938
753 280 924 340 -34-

279 453 358 530 qnod
369 453 425 514 (16.
445 453 557 514 6166611
574 471 631 532 —3
649 471 678 513 v.
695 453 757 511 428
777 470 894 528 quoque
910 470 1016 532 „omne
1031 468 1124 528 genus
1140 454 1241 512 coetus
1260 496 1268 511 .
1288 497 1295 512 .
1315 470 1402 529 cxpe-

277 538 403 600 1166616ιι
427 540 532 599 abesse
557 539 669 616 possit,
695 557 760 598 cum
787 538 850 598 fere
876 539 955 598 idem
979 539 1135 598 antecedat
1156 539 1186 598 in
1208 557 1256 598 vv.
1276 539 1338 597 425
1358 545 1419 616 sq.'

279 623 460 704 „primordia
483 630 659 684 consuerunt
677 624 851 684 omnimodis
870 625 949 682 coire
971 626 1061 699 atque
1085 625 1210 683 omnia
1236 631 1403 699 pertem-

277 716 395 790 ptare,
409 728 609 786 quaecumque
620 710 698 770 inter
709 728 741 770 66
754 727 914 785 congressa
926 726 1028 768 creare
1039 705 1191 785 possent“.
1211 709 1271 769 Sed
1282 716 1404 787 propter

278 797 332 856 has
356 814 404 856 res
427 815 513 855 nemo
538 797 605 855 illos
629 815 677 854 vv.
698 814 751 871 pro
770 795 878 870 spuriis
895 794 1017 856 babebit
1029 790 1060 876 ¹).
1105 793 1217 867 Quodsi
1235 795 1292 856 Gn.
1311 799 1402 872 parti·

278 884 374 942 culam
400 879 500 959 „tum“
526 883 588 940 432
615 881 766 941 contendit
791 885 928 956 spectare
954 881 993 940 ad
1018 885 1143 958 tempus,
1171 898 1228 955 quo
1253 883 1403 942 coniectus

277 968 419 1026 materiae
444 972 554 1027 terram
577 968 691 1026 eaelum
717 972 785 1027 cett.
810 966 941 1026 fundarit
966 967 986 1026 i.
1005 983 1031 1026 6.
1056 966 1094 1024 61
1119 985 1167 1024 vv.
1186 966 1352 1028 41e-1s:
1376 969 1404 1028 ei

255 1079 256 1082 ¹
277 1054 430 1132 assentior,
456 1054 524 1112 dum
550 1071 588 1112 ne
612 1051 681 1113 iude
701 1052 890 1113 concluderet
907 1069 1019 1130 versus,
1039 1051 1095 1126 qui¹
1107 1051 1185 1111 inter
1202 1051 1256 1112 hos
1275 1058 1305 1112 et
1321 1054 1404 1113 illum

277 1139 424 1198 intersunt
435 1133 621 1220 (419-31),
641 1139 782 1198 delendos
801 1156 876 1198 esse.
905 1137 983 1196 Nam
1000 1137 1030 1196 iu
1048 1142 1218 1198 transcursu
1234 1139 1320 1213 quasi
1334 1157 1402 1199 con-

276 1224 392 1284 firmant
410 1242 514 1284 revera
533 1225 697 1284 coniectum
715 1225 854 1284 materiae
872 1241 921 1284 res
933 1240 1061 1302 creasse,
1079 1227 1113 1282 ut
1129 1223 1171 1283 illi
1189 1224 1327 1284 relationi
1344 1243 1402 1285 non

278 1309 418 1370 officiant.
470 1312 561 1369 Immo
592 1310 617 1370 si
642 1329 670 1369 v.
695 1311 757 1368 432
784 1310 934 1384 exciperet
955 1326 1073 1368 versum
1098 1309 1177 1387 418,
1204 1327 1263 1368 666
1286 1310 1403 1386 singula

276 1397 395 1455 nomina
412 1397 455 1455 ita
471 1399 692 1470 repeterentur:
713 1414 857 1470 exponam
876 1395 981 1471 quibus
993 1395 1089 1454 modis
1101 1395 1249 1455 coniectus
1261 1395 1402 1456 materiae

277 1481 407 1541 fundarit
430 1485 576 1541 terram
599 1486 628 1541 ct
651 1482 797 1540 caelum
822 1482 1009 1557 pontique
1027 1479 1181 1559 profunda,
1206 1481 1402 1551 6611616661

278 1584 389 1628 cursus.
441 1567 498 1625 Hic
521 1584 617 1641 neque
640 1571 702 1626 tum
728 1567 827 1627 solis
852 1570 918 1626 rota
936 1567 1017 1626 cerni
1037 1611 1044 1626 .
1064 1609 1073 1624 .
1090 1571 1208 1641 poterat
1229 1584 1284 1627 nec
1302 1569 1402 1644 magni

277 1653 382 1713 sidera.
393 1651 494 1712 mundi
512 1669 566 1711 nec
584 1670 684 1712 mare
702 1670 758 1711 666
775 1653 920 1711 caelum
938 1668 993 1711 666
1011 1651 1138 1725 denique
1155 1656 1236 1711 terra
1255 1697 1262 1711 .
1282 1649 1321 1732 .“,
1348 1655 1402 1713 sed

277 1757 305 1797 v.
325 1739 387 1796 432
406 1738 500 1798 oratic
517 1737 548 1798 iu
565 1736 642 1796 hune
660 1736 722 1796 tere
741 1738 857 1798 modum
879 1737 1048 1797 continuata
1068 1742 1159 1796 esset:
1179 1738 1343 1816 „principio
1360 1740 1403 1798 611

277 1824 402 1883 horum
428 1823 509 1883 cerni
534 1827 667 1901 poterat,
695 1823 747 1882 sed
773 1822 935 1898 primordia
959 1822 1161 1882 tantummodo
1191 1827 1348 1886 exstabant
1373 1830 1402 1885 et

275 1905 394 1968 inane“.
411 1943 447 1949 ——
462 1908 535 1968 Sunt
550 1908 641 1984 igitur
657 1908 701 1967 1111
718 1927 766 1968 vv.
783 1909 912 1984 genuini.
936 1909 996 1968 Sed
1014 1913 1098 1968 66166
1115 1912 1176 1967 1616
1193 1908 1267 1968 haec
1285 1928 1354 1985 pars
1365 1928 1402 1971 ex

276 1990 423 2069 prioribus
451 1994 576 2054 collecta
604 1998 634 2054 et
663 1995 748 2068 quasi
773 1994 985 2072 consarcinata,
1015 1998 1145 2054 666661
1170 1995 1305 2069 singulae
1332 1997 1401 2056 illae

275 2080 438 2155 particulae
468 2097 506 2136 ex
533 2079 590 2138 hac
619 2081 797 2154 excerptae?
830 2082 884 2139 Vv.
914 2080 940 2139 V
965 2080 1113 2138 422-26
1143 2084 1173 2138 61
1201 2081 1227 2140 V
1252 2083 1399 2141 429-31

276 2166 305 2224 h.
331 2168 351 2223 1.
381 2165 411 2222 16
436 2162 578 2223 'inferiore
607 2166 725 2238 quidem
755 2170 840 2239 parte
869 2165 1006 2225 carminis
1034 2170 1111 2242 sunt,
1140 2166 1194 2225 sod
1220 2165 1266 2226 bis
1292 2168 1402 2230 similes

277 2252 303 2310 V
338 2251 483 2307 187-91
521 2254 551 2309 et
586 2250 614 2307 H
652 2251 819 2309 1061-63
863 2250 1053 2310 Lachmanno
1087 2249 1183 2310 iudice
1219 2258 1337 2312 exstant
1372 2255 1401 2313 in

277 2335 426 2411 emboliis3
453 2339 521 2394 sunt
548 2334 638 2410 igitur
665 2339 770 2409 postea
797 2336 909 2398 inserti.
958 2335 1057 2394 Ceteri
1083 2341 1180 2397 autem
1204 2337 1229 2398 V
1252 2339 1400 2398 419-22

277 2417 331 2501 (ς,
356 2423 371 2480 l
396 2415 587 2501 1021—25),
612 2420 716 2479 11427
742 2416 817 2502 (1616
842 2446 883 2473 z
907 2415 1046 2503 11029),
1071 2421 1097 2480 V
1119 2423 1181 2480 428
1200 2417 1255 2503 (::
1272 2426 1287 2483 l
1307 2420 1402 2508 1026)

277 2507 308 2565 16
331 2507 351 2565 1.
376 2507 391 2564 l
414 2505 548 2580 primitus
573 2506 677 2580 scripti
699 2506 846 2566 videntur.
892 2506 978 2580 Quod
1000 2507 1025 2566 si
1047 2507 1198 2586 probatur,
1225 2510 1313 2568 etiam
1332 2529 1400 2571 con-

276 2590 397 2650 cedetur
427 2591 597 2650 Lucretium
627 2610 685 2650 non
717 2593 883 2667 inspexisse
914 2593 995 2652 illum
1026 2594 1122 2652 locum
1153 2593 1223 2652 libri
1244 2595 1268 2673 Ι,
1294 2597 1400 2655 nedum

276 2677 469 2750 interpolator
500 2693 565 2735 eum
597 2677 795 2751 exscripserit.
862 2678 940 2737 Nam
964 2678 1026 2737 eius
1052 2677 1088 2736 de
1113 2695 1170 2753 quo
1196 2679 1319 2740 dicimus
1342 2683 1401 2740 loci

276 2762 491 2838 argumentatio
514 2761 576 2820 fere
600 2765 663 2821 tota
681 2762 722 2820 ibi
741 2755 852 2822 exstat:
880 2763 1060 2843 „primordia
1077 2782 1135 2822 non
1156 2765 1278 2823 66661116
1296 2784 1348 2825 666
1367 2784 1400 2825 66

277 2848 380 2907 ordine
404 2847 555 2924 locarunt,
581 2847 635 2905 sed
656 2848 754 2922 plagis
777 2853 807 2907 61
831 2849 1018 2923 ponderibus⁴
1035 2849 1096 2908 suis
1122 2849 1171 2908 diu
1196 2849 1311 2909 concita
1334 2855 1398 2909 tan-

276 2933 344 2992 dem
362 2933 539 2991 conveniunt
555 2932 586 2990 in
604 2932 680 2991 tales
699 2933 902 3012 disposituras,
926 2934 1061 3008 qualibus
1082 2933 1156 2994 haec
1173 2951 1271 2994 rerum
1288 2954 1400 2996 summa

277 3015 440 3079 consistit“.
475 3017 534 3076 Gur
551 3017 642 3092 igitur
659 3036 716 3076 non
734 3013 826 3078 totam
844 3037 908 3078 eam
926 3020 995 3079 inde
1013 3020 1134 3094 repetiit
1151 3020 1214 3079 sive
1230 3021 1319 3081 Lucr.
1338 3022 1400 3082 sive

275 3105 486 3181 interpolator,
516 3103 569 3162 sed
598 3106 799 3164 tantummodo
828 3123 881 3165 sex
909 3123 1013 3165 versus
1049 3109 1079 3164 et
1107 3104 1162 3165 hos
1191 3106 1308 3181 quidem
1343 3109 1403 3168 alio

277 3189 403 3248 ordine?
432 3188 575 3247 Nimirum
600 3193 708 3263 poetae
732 3191 775 3249 illi
799 3209 852 3250 sex
876 3191 906 3249 in
931 3195 1028 3251 mente
1053 3189 1226 3252 haerebant.
1253 3227 1294 3236 -
1319 3195 1401 3254 Haec

276 3274 461 3334 ratiocinatio
486 3292 520 3333 66
546 3273 759 3348 quodammodo
785 3275 988 3356 confirmatur,
1019 3276 1098 3351 quod
1122 3276 1153 3336 h.
1179 3279 1198 3337 l.
1224 3278 1249 3338 is
1274 3281 1400 3340 maxime

168 3399 169 3402 κ
276 3380 304 3419 v.
325 3354 415 3441 (428)
433 3359 586 3418 offensioni
605 3363 659 3437 661,
679 3360 730 3433 qui
748 3361 835 3420 etiam
853 3362 883 3420 in
902 3362 921 3420 l.
940 3364 954 3421 Ι
972 3363 1106 3441 66661111,
1131 3363 1222 3422 661611
1243 3369 1339 3424 autem
1358 3366 1401 3426 616

177 3501 181 3510 ,
276 3447 358 3525 16616,
379 3445 429 3520 qui
447 3449 515 3519 post
533 3443 608 3503 bunc
626 3445 729 3520 scripti
747 3452 813 3506 sunt
832 3441 871 3526 (V
891 3448 1094 3527 187-91,Π
1114 3446 1306 3532 1061-83).

362 3532 388 3590 V
407 3530 479 3588 210.
501 3532 537 3587 11
558 3553 598 3581 z
616 3531 631 3588 l
649 3532 722 3590 211.
743 3533 781 3588 12

319 3612 358 3696 (61
376 3611 449 3697 666)
466 3615 608 3675 fecundas
625 3620 776 3676 vertentes
796 3633 914 3676 vomere
932 3618 1037 3693 glebas

318 3703 468 3777 terraique
486 3703 579 3761 solum
596 3702 769 3777 subigentes
788 3703 879 3762 cimus
897 3704 936 3762 ad
953 3710 1046 3783 61166,

319 3785 437 3870 (666616
455 3806 509 3847 sua
525 3792 675 3862 nequeant
693 3788 818 3863 liquidas
837 3789 966 3850 existere
984 3786 1144 3871 inauras).
1261 3861 1263 3868 Ι

362 3869 432 3956 (Gn.
452 3875 491 3932 79
511 3891 566 3952 sq.,
584 3874 635 3932 Br.
655 3871 741 3956 207).

362 4022 447 4106 1)(11.
471 4021 585 4076 similem
609 4022 799 4104 uerbositatem
822 4025 835 4077 Ι
858 4024 910 4104 518
934 4039 989 4091 sqq.
1015 4024 1089 4105 66116
1112 4040 1156 4077 166
1179 4028 1270 4092 661661
1294 4025 1403 4108 probari

275 4094 356 4148 inane
377 4097 450 4146 mtus
472 4091 580 4158 habere,
603 4106 626 4144 61
649 4107 704 4145 666
722 4093 807 4159 quod
825 4093 963 4146 cohrbct
980 4093 1094 4146 solrdum
1112 4103 1235 4148 constare
1252 4095 1402 4162 rehnquas:

275 4161 640 4297 {liuggrtroc‘mllligsgcepotast
658 4162 710 4215 nisi
728 4160 850 4214 materiai
869 4161 1016 4227 6666111616,
1042 4161 1123 4228 quod
1141 4163 1241 4216 inane
1259 4163 1293 4216 in
1310 4165 1402 4219 rehu'
