3198 4938
711 314 880 372 ..54-

232 489 418 561 perspectam
436 489 466 544 et
483 477 684 560 perturbatam
704 503 777 545 esse.
815 485 933 544 Summa
950 490 1047 544 autem
1065 483 1298 546 ratiocinationis
1317 486 1362 541 est

233 571 295 630 fere
321 570 410 630 haec:
454 571 601 646 Epicurus
630 572 800 630 observavit
828 572 919 630 solem
949 572 1092 631 orientem
1121 576 1151 631 et
1178 568 1361 630 occidentem

232 657 373 715 maiorem
391 655 488 715 videri
507 676 593 733 quarn
612 656 775 716 meridiano
793 660 942 731 temporc3
969 657 1070 732 itaque
1093 673 1145 716 sno
1163 657 1226 715 inre
1244 653 1361 712 videtur

234 743 413 802 contendere
427 743 497 801 solis
514 745 641 817 μέγεθος
652 737 684 800 τὰ
706 737 780 801 κατὰ
797 737 829 800 τὸ
847 737 909 800 κατ’
928 735 999 800 αὐτό
1015 735 1170 804 νοῙωίηιιε
1189 759 1254 802 esse
1273 758 1360 815 quam

232 823 265 885 τὸ
287 822 361 886 κατὰ
391 822 423 886 τὰ
451 822 527 905 πρὸς
549 823 624 904 ἡμᾶς
646 847 687 888 sc.
713 829 783 903 quia
809 829 906 887 oriens
937 828 981 888 sol
1010 830 1104 887 maior
1127 829 1245 888 videtur
1274 845 1361 901 quam

231 913 363 974 meridie.
408 914 495 974 Lucr.
522 918 626 975 contra
650 919 683 974 nt
706 914 779 973 illnd
803 932 861 973 non
879 915 1064 994 observavit,
1090 915 1132 973 ita
1150 932 1208 973 non
1226 913 1360 972 distinxit

232 997 366 1060 diversos
384 1000 510 1060 ambitus
529 1001 608 1077 solis,
627 1018 663 1059 ao
680 1005 779 1060 tamen
797 1000 932 1059 concedit
950 1018 1015 1058 eum
1032 1018 1121 1075 posse
1133 1000 1276 1059 minorem
1295 1015 1360 1057 esse

233 1103 321 1160 quam
338 1085 485 1146 videatur.
529 1085 607 1158 Quid
625 1087 717 1145 vero?
756 1085 897 1144 Distinxit
915 1086 1008 1160 igitur
1025 1081 1058 1143 ro*
1079 1089 1208 1161 μέγεθος
1230 1079 1263 1142 τὸ
1286 1078 1360 1161 πρὸς

233 1168 311 1244 ἡμᾶς
329 1175 360 1230 et
377 1165 410 1228 zi
429 1171 491 1230 κατ’
510 1167 609 1232 αὐτά,
636 1173 787 1233 Tarbasse
811 1175 909 1230 autem
932 1189 995 1230 rem
1013 1189 1068 1231 nec
1085 1173 1254 1231 Purmanno
1280 1165 1373 1249 (lene

232 1256 290 1316 Lit.
310 1258 401 1333 1879,
419 1252 495 1338 414)
510 1256 638 1336 videtur,
658 1258 708 1332 qni
725 1261 824 1317 tamen
842 1275 924 1316 snam
943 1258 1118 1317 sententiam
1137 1275 1195 1316 non
1214 1255 1360 1330 copiosius

233 1343 381 1420 explicuit,
402 1361 456 1402 nec
473 1342 554 1403 mihi.
580 1344 647 1402 Non
666 1343 784 1418 quidem
803 1347 895 1404 verba
910 1343 1015 1402 571.2
1035 1346 1147 1422 „solem
1162 1346 1276 1401 tantum
1295 1358 1367 1418 esse

233 1432 360 1503 quantus
378 1429 462 1488 nobis
481 1429 626 1507 videatur,
651 1433 684 1488 nt
707 1430 749 1488 nil
774 1430 840 1503 plns
865 1429 1028 1489 autminus
1047 1428 1158 1488 addere
1176 1425 1292 1504 possis“
1316 1427 1360 1486 ita

233 1514 345 1588 accipio
368 1518 401 1572 ut
423 1515 584 1591 Woltjcrus
606 1515 724 1574 videtur
746 1515 963 1589 interpretari:-
982 1515 1074 1573 solem
1098 1513 1271 1574 tantundem
1293 1529 1359 1572 esse

233 1604 359 1675 quantus
370 1601 516 1678 videatur,
531 1599 584 1660 sed
596 1600 731 1660 concedit
742 1602 828 1660 Lucr.
841 1603 933 1660 solem
945 1617 1010 1660 esse
1021 1618 1108 1675 posse
1121 1602 1208 1674 paulo
1220 1599 1359 1659 maiorem

233 1690 283 1744 aut
304 1686 461 1764 minorem3
488 1689 585 1745 utrum
603 1691 702 1746 tamen
719 1703 822 1745 verum
840 1686 878 1746 sit
896 1685 1037 1763 ignorari,
1057 1704 1152 1761 neque
1170 1685 1262 1761 igitur
1279 1688 1360 1744 recte

233 1770 260 1828 ei
278 1771 390 1846 aliquid
409 1771 489 1849 addi,
508 1774 645 1846 quoniam
658 1773 801 1832 minorem
815 1790 881 1831 eum
898 1789 962 1831 esse
977 1789 1072 1847 aeque
1087 1773 1125 1831 sit
1139 1771 1292 1846 probabile
1308 1765 1359 1852 (cf.

234 1856 295 1914 Cic.
321 1856 359 1915 de
383 1855 432 1915 fin.
451 1859 465 1915 I
485 1859 513 1934 6,
533 1852 597 1937 20).
642 1858 714 1917 Cum
743 1855 789 1916 his
809 1860 884 1918 bene
914 1857 1091 1916 conveniunt
1119 1859 1167 1916 vv.
1187 1857 1298 1916 5645
1329 1859 1360 1914 et

234 1942 306 2000 594.
327 1943 355 2001 5.
401 1942 459 2015 Qui
485 1945 530 2002 sol
552 1945 647 2002 minor
672 1961 737 2003 esse
762 1943 856 2019 possit
880 1943 1043 2003 illustratur
1068 1945 1201 2017 exemplo
1229 1943 1359 2002 flamma-

233 2045 296 2086 rum
319 2029 516 2107 terrestrium,
543 2047 619 2104 qnae
647 2047 704 2104 qno
729 2030 845 2104 longius
861 2033 911 2088 aut
928 2029 1049 2104 propius
1067 2049 1085 2088 a
1103 2029 1187 2088 nobis
1205 2027 1303 2087 absint
1324 2046 1359 2087 eo

233 2113 360 2173 minores
386 2119 436 2174 aut
460 2115 586 2174 maiores
612 2115 768 2176 videantur
791 2116 893 2190 itaque
919 2114 955 2172 de
979 2115 1191 2190 Epicureorum
1214 2115 1360 2173 sententia

232 2216 337 2258 revera
356 2204 424 2258 sunt
442 2195 614 2280 (585-89,
634 2202 706 2260 594.
725 2195 768 2280 5).
797 2201 880 2260 Haec
896 2200 968 2259 mihi
985 2203 1075 2275 plana
1092 2202 1238 2278 videntur,
1258 2218 1358 2274 quam-

234 2303 321 2360 quam
344 2285 414 2344 solis
432 2286 555 2345 orientis
578 2287 641 2345 sive
667 2286 826 2352 occidentis
854 2290 884 2346 et
909 2285 1053 2345 meridani
1081 2288 1162 2345 nulla
1185 2285 1219 2344 fit
1240 2286 1358 2345 mentio.

232 2405 272 2413 -
292 2370 336 2429 Ac
354 2388 391 2430 ne
409 2372 553 2445 Epicurus
577 2371 694 2447 quidem
712 2372 764 2430 illa
782 2372 986 2431 observatione
1011 2372 1054 2430 ita
1070 2388 1140 2431 usus
1159 2376 1213 2450 cst,
1237 2375 1269 2430 nt
1289 2371 1358 2430 inde

232 2457 397 2516 declararet
414 2458 505 2518 solem
524 2453 641 2537 (eodem
658 2451 802 2539 tempore)
820 2457 961 2517 minorem
980 2475 1044 2517 esse
1061 2475 1149 2532 posse
1171 2475 1259 2532 quam
1275 2457 1357 2515 vide-

231 2545 321 2600 retur.
367 2543 426 2603 Sed
450 2543 475 2602 si
500 2545 619 2618 vesperi
644 2544 738 2603 maior
762 2544 789 2603 ei
814 2543 971 2603 videbatur
990 2553 1079 2619 quam
1095 2543 1229 2620 meridie,
1253 2560 1360 2601 revera

231 2627 293 2686 eins
311 2626 392 2686 filum
409 2630 502 2688 voluit
519 2631 635 2689 mutari.
680 2630 764 2688 Luna
782 2629 900 2704 quidem
929 2647 945 2687 e
964 2629 1094 2688 Lucretii
1113 2628 1260 2688 sententia
1279 2632 1358 2688 certo

229 2718 362 2786 tempore
391 2714 569 2789 gignitur
596 2719 625 2774 et
654 2714 802 2774 deletur
830 2732 872 2773 sc.
901 2715 971 2789 quia
1000 2717 1091 2775 multa
1119 2719 1200 2773 certo
1225 2717 1358 2788 tempore

231 2803 367 2858 creantur
384 2799 411 2859 V
430 2800 587 2858 731-50.
632 2800 677 2859 De
701 2799 758 2858 hac
783 2803 879 2859 autom
897 2817 930 2858 rc
948 2801 1036 2859 Lucr.
1055 2819 1114 2859 non
1133 2799 1252 2859 videtur
1272 2801 1358 2859 dissi-

230 2884 300 2944 dere
318 2903 337 2943 a
354 2886 508 2961 magistro.
540 2887 621 2961 Ergo
639 2885 676 2946 de
694 2886 765 2945 solis
781 2885 984 2960 magnitudine
1002 2887 1160 2960 Epicurum
1179 2887 1266 2945 aliter
1283 2886 1357 2945 iudi-

230 2987 313 3030 casse
332 2971 411 3045 quod
430 2971 569 3032 credatur
585 2971 661 3031 ratio
679 2990 738 3031 non
756 2976 862 3032 exstat.
903 2967 952 3052 (cs.
972 2971 1060 3047 Diog.
1079 2972 1179 3031 Laert.
1198 2973 1234 3030 X.
1259 2973 1297 3029 91
1325 2966 1357 3030 ui

315 3060 443 3131 μέγεθος
471 3057 520 3117 τοῦ
549 3053 633 3131 ἡλίου
662 3078 692 3116 τε
721 3057 771 3116 καὶ
793 3056 852 3116 τῶν
874 3057 984 3115 λοιπῶν
1006 3052 1124 3136 ἄστρων
1153 3052 1225 3115 κατὰ
1249 3058 1303 3131 μὲν
1325 3053 1358 3114 ro*

228 3137 305 3220 πρὸς
331 3137 408 3214 ἡμᾶς
431 3140 596 3217 τηλικοῦτόν
619 3141 695 3202 ἔστιν
714 3138 814 3216 ἡλίκον
836 3147 981 3221 φαίνεται.
1026 3145 1109 3202 Haec
1138 3142 1231 3202 verba
1255 3143 1357 3219 Woltj.

228 3227 294 3302 ipse
312 3227 435 3287 adhibet
452 3247 503 3303 pg.
525 3224 609 3311 124).

314 3313 353 3372 Ut
370 3313 555 3393 Lucretium,
581 3315 605 3372 si
631 3333 689 3373 non
713 3313 826 3373 recedit
849 3333 867 3373 a
884 3313 1019 3389 magistri
1037 3313 1193 3392 sententia,
1212 3315 1357 3381 nonlicet

229 3397 329 3473 colligi
347 3397 425 3457 hunc
442 3398 517 3458 adeo
544 3400 690 3460 serviliter
714 3399 798 3474 sequi
822 3404 855 3459 ut
880 3399 970 3458 etiam
987 3404 1149 3474 praecepta
1170 3402 1247 3459 male
1273 3401 1357 3460 intel-

228 3484 307 3543 lecta
324 3485 362 3544 ab
381 3501 416 3543 eo
434 3485 596 3562 receperit,
622 3486 665 3544 ita
687 3486 775 3544 certis
795 3486 976 3560 argumentis
994 3485 1091 3544 adhuc
1108 3503 1165 3543 non
1185 3486 1356 3561 comproba-

227 3574 291 3629 tum
321 3568 392 3628 mihi
421 3570 540 3631 videtur
567 3589 633 3630 eum
663 3575 783 3646 praeter
805 3571 978 3645 magistrum
1003 3571 1068 3630 aliis
1092 3569 1273 3646 philosophis
1298 3590 1358 3630 non

228 3655 324 3730 ipsum
342 3674 462 3731 operam
481 3657 607 3717 dedisse.
654 3658 721 3716 Non
740 3656 865 3716 dixerim
890 3657 988 3716 aliena
1012 3656 1124 3732 placita
1141 3674 1206 3716 eum
1223 3657 1357 3717 intulisse

227 3741 258 3798 in
276 3741 452 3817 Epicuream
471 3743 644 3820 doctrinam,
663 3744 717 3802 sed
736 3761 836 3802 eorum
855 3760 928 3818 quos
952 3746 1094 3802 memorat
1116 3742 1357 3817 philosophorum

229 3831 258 3886 et
275 3826 409 3886 notitiam
425 3833 454 3888 et
470 3829 720 3905 impugnationem
737 3829 879 3904 magistro
905 3846 971 3886 eum
994 3829 1102 3888 debere
1127 3827 1357 3887 demonstratum

228 3930 294 3971 esse
312 3931 399 3988 nego.
444 3915 630 3989 Empedoclis
656 3914 774 3990 quidem
801 3914 997 3989 cognitionem
1022 3917 1140 3988 poetam
1163 3913 1296 3973 hausisse
1320 3932 1358 3973 ex

228 3999 298 4059 solis
318 3999 437 4073 Epicuri
466 4001 583 4076 scriptis
611 4001 636 4060 is
662 4018 721 4059 non
750 4000 821 4059 satis
847 4002 1017 4060 constanter
1041 3999 1158 4058 videtur
1180 4001 1357 4059 contendere

228 4078 344 4165 (Woltj.
366 4086 425 4143 179
445 4082 518 4169 sq.),
538 4087 588 4161 qui
605 4086 779 4161 Empedocli
802 4085 935 4160 quamvis
964 4101 1060 4159 pauca
1081 4084 1224 4144 orationis
1248 4085 1358 4144 lumina

228 4169 330 4229 deberi
348 4187 407 4229 non
423 4171 448 4228 it
464 4170 573 4232 infitias
592 4168 708 4253 (Woltj.
730 4173 800 4230 182.
821 4168 862 4252 3).
908 4171 980 4230 Inde
995 4187 1067 4229 vero
1087 4170 1166 4244 quod
1184 4171 1271 4230 Lucr.
1291 4189 1357 4230 eum

228 4273 287 4320 uon
306 4273 343 4316 ex
360 4255 439 4317 illius
458 4256 609 4318 doctrinae
627 4256 817 4318 fundamento
835 4257 988 4333 impugnat
1005 4254 1059 4314 sed
1075 4256 1276 4333 Empedoclea
1298 4259 1355 4318 ele·
