3198 4938
685 344 849 402 „51-

194 514 258 576 erat
275 513 342 573 finis
361 518 414 591 „ut
432 513 640 574 necessitatem
659 512 822 590 effugeref‘
840 511 915 598 (Cic.
934 516 971 575 de
989 519 1049 574 nat.
1072 514 1153 575 deor.
1169 517 1183 574 Ι
1197 518 1246 594 25,
1263 511 1326 599 69),

194 618 283 661 causa
301 600 432 660 efficiens
450 600 514 659 sive
531 599 665 658 condicio
684 599 842 661 declinatio
860 606 1024 661 atomorum
1042 595 1117 684 (Cic.
1137 603 1174 661 de
1193 602 1254 660 fato
1277 604 1325 681 10,
1366 640 1369 646 ·

195 689 245 765 22,
265 682 308 766 3).
354 684 532 763 Sententiae,
552 703 639 760 quam
657 684 841 764 adumbravi,
860 705 919 746 non
941 689 1137 747 adversantur
1159 686 1327 763 fragmenta

193 772 444 850 Herculanensis,
468 789 535 830 nam
561 771 638 846 quod
658 770 844 847 Gompertins
868 767 964 854 (Neue
981 773 1168 832 Bruchstiick
1185 773 1324 853 Epikurs,

193 859 280 918 Wicn
301 854 396 938 1876)
414 875 451 916 ex
469 857 512 916 eis
531 857 643 917 eruisse
661 856 718 916 sibi
736 857 867 917 videtur:
904 859 1042 937 „Epikur
1058 877 1121 918 war
1139 858 1221 918 nicht
1250 903 1257 918 .
1285 904 1292 919 .
1318 904 1324 919 .

194 943 432 1022 Indeterminist;
451 959 483 1002 or
500 961 563 1002 war
580 943 629 1002 ein
640 942 762 1017 Gegner
780 943 832 1004 des
850 944 1030 1004 Fatalismus
1049 943 1131 1004 nicht
1150 946 1202 1005 des
1221 946 1324 1005 Deter-

194 1027 376 1107 minismus“,
400 1028 505 1088 exeis
523 1045 611 1103 posse
629 1029 824 1088 demonstrari
845 1029 904 1088 iam
923 1031 1054 1090 Zellerus
1072 1034 1163 1105 negat
1181 1026 1272 1111 (Phil.
1295 1031 1324 1090 d.

195 1113 314 1175 Griech.
344 1115 387 1173 III
414 1117 442 1192 1,
469 1115 531 1171 424
560 1115 628 1173 adn.
659 1109 702 1194 4).
736 1147 777 1158 —-
810 1115 975 1175 Concinunt
1004 1134 1069 1176 cum
1099 1116 1150 1175 illa
1180 1116 1327 1176 sententia

194 1219 270 1277 quac
306 1201 392 1259 Lucr.
417 1200 449 1258 in
474 1201 494 1259 l.
519 1200 549 1257 11
576 1200 716 1275 disputat.
772 1201 936 1276 Woltjerus
969 1201 1033 1277 ipse
1059 1196 1122 1282 (pg.
1152 1198 1226 1285 100)
1256 1202 1327 1262 citat

195 1307 244 1345 vv.
265 1287 327 1344 277
346 1303 408 1361 sq:
938 1339 943 1348 .

235 1373 336 1431 Iamne
354 1370 438 1430 vides
456 1369 549 1445 igitur
567 1387 744 1445 quamquam
762 1371 807 1430 vis
825 1376 929 1431 extera
946 1374 1053 1432 multos

235 1459 328 1533 pellat
347 1462 377 1516 ct
394 1457 502 1515 invitos
522 1459 610 1531 cogat
627 1457 791 1531 procedere
809 1475 899 1532 saepe

236 1542 473 1619 praecipitesque
491 1542 565 1619 rapi,
584 1547 683 1601 tamen
702 1560 791 1602 esse
808 1541 846 1600 in
863 1548 1024 1618 pectore
1042 1550 1175 1603 nostro

238 1626 418 1704 quiddam
441 1627 541 1703 quod
563 1632 699 1686 contra
719 1646 891 1704 pugnare
909 1630 1147 1705 obstareque
1173 1629 1323 1704 possit?

196 1715 255 1774 Sed
272 1714 302 1772 in
321 1716 340 1773 l.
358 1714 400 1773 IV
417 1714 495 1773 idem
514 1713 600 1773 homo
619 1712 722 1773 doctus
738 1714 851 1774 iudicat
869 1715 1038 1775 Lucretium
1057 1714 1123 1791 cogi
1141 1715 1321 1774 voluntatem

193 1819 252 1860 non
269 1801 391 1861 liberam
411 1818 477 1859 esse
494 1798 592 1859 fateri.
638 1798 756 1880 „Nam“
774 1801 877 1860 -ita
896 1805 1119 1876 argumentatur
1145 1837 1172 1844 -
1197 1801 1244 1879 „si
1261 1818 1321 1859 am·
1360 1792 1362 1796 ⁴

193 1887 296 1946 bulare
313 1886 398 1964 volo,
422 1885 579 1945 simulacra
603 1886 721 1945 meandi
745 1886 871 1961 primum
896 1887 1032 1946 accidere
1051 1886 1175 1947 debent:
1206 1903 1278 1960 ergo
1297 1885 1322 1944 si

194 1976 346 2051 „„contra
367 1988 502 2046 pugnare
531 1969 756 2046 obstareque““
782 1972 850 2030 uolo
868 1972 898 2030 vi
916 1973 1059 2050 extimae,
1085 1990 1162 2046 quae
1186 1989 1234 2030 me
1256 1989 1324 2046 pro·

193 2057 294 2135 pellit,
316 2057 441 2132 primum
460 2056 665 2116 simulacra
683 2057 901 2116 resistendi
918 2058 949 2116 in
967 2058 1095 2118 animum
1114 2075 1210 2116 meum
1235 2072 1323 2132 pene-

193 2147 272 2202 trare
291 2139 437 2220 debent“;
464 2160 524 2217 qua
547 2142 628 2218 ipre
645 2160 752 2202 vereor
769 2161 807 2202 ne
824 2144 975 2218 paululum
993 2145 1094 2219 lapsus
1113 2143 1160 2203 sit.
1206 2142 1323 2202 Etenim

194 2229 285 2288 sicui
308 2227 466 2288 simulacra
490 2227 706 2287 resistendi
729 2229 864 2289 accidere
881 2234 1022 2306 possunt,
1050 2233 1149 2304 potest
1165 2229 1321 2306 resistere;

193 2313 312 2391 quodsi
330 2318 436 2392 potest,
454 2332 514 2374 non
533 2314 655 2390 cogitur,
676 2332 747 2389 ergo
766 2314 842 2374 liber
861 2320 914 2375 est.
952 2314 1012 2374 Sed
1029 2333 1087 2374 non
1105 2332 1179 2389 opus
1198 2317 1244 2373 est
1261 2314 1321 2373 illis

192 2401 414 2460 simulacris
427 2399 594 2460 resistendi.
614 2399 690 2458 Nam
704 2401 742 2460 de
756 2400 895 2461 libertate
906 2401 1067 2460 voluntatis
1082 2400 1225 2473 doctrina,
1245 2417 1321 2474 quae

192 2488 222 2545 in
241 2487 261 2545 l.
280 2487 309 2544 Π
326 2490 475 2560 tamquam
494 2503 547 2544 suo
565 2487 630 2544 loco
649 2485 812 2564 exponitur,
832 2520 874 2529 -
892 2485 979 2545 fidem
1008 2486 1086 2544 enim
1104 2486 1184 2545 ducit
1201 2503 1238 2544 ex
1257 2489 1320 2544 ato-

192 2589 304 2630 morum
322 2570 520 2630 declinatione
544 2604 580 2610 —
599 2570 631 2628 in
652 2570 671 2628 l.
691 2571 733 2629 IV
750 2589 796 2630 me
813 2571 910 2632 iudice
927 2589 985 2630 non
1007 2572 1149 2646 tangitur.
1187 2570 1273 2643 Quod
1290 2575 1323 2630 ut

191 2657 323 2734 probem,
343 2673 392 2715 res
408 2657 497 2731 paulo
515 2655 605 2715 altius
622 2656 785 2730 repetenda
802 2661 858 2717 est.
902 2659 1063 2732 Postquam
1087 2656 1156 2716 inde
1174 2675 1193 2715 a
1209 2675 1238 2715 v.
1259 2657 1321 2714 524

165 2783 168 2790 .
192 2743 321 2802 auditum
340 2759 475 2817 saporem
500 2741 620 2801 odorem
646 2742 775 2816 speciem
799 2742 905 2802 mentis
926 2742 1133 2818 perceptiones
1151 2742 1321 2802 simulacro-

190 2847 256 2888 rum
273 2845 329 2903 ope
347 2827 488 2902 explicuit
505 2831 604 2905 poeta,
622 2819 656 2886 v.'
672 2827 733 2884 877
753 2827 857 2888 eadem
874 2830 987 2888 ratione
1006 2829 1151 2889 incessum
1170 2829 1322 2887 declarare

191 2914 304 2988 incipit.
349 2914 495 2991 Primum,
520 2913 617 2988 inquit
636 2913 714 2991 881,
741 2913 898 2973 simulacra
919 2914 1037 2973 meandi
1061 2915 1198 2974 accidunt
1223 2913 1320 2972 animo

191 3004 292 3058 nostro
315 3016 438 3074 eumque
455 2999 574 3074 pulsant
591 2993 681 3079 (quae
697 3004 857 3074 sequuntur
876 3001 947 3058 883.
967 3001 1002 3058 4:

233 3084 303 3142 inde
320 3085 456 3142 voluntas
474 3083 523 3144 fit:
543 3101 638 3158 neque
657 3084 734 3143 enim
752 3085 851 3143 facere
868 3084 971 3160 incipit
988 3085 1078 3144 ullam

234 3187 295 3228 rem
315 3170 479 3248 quisquam,
503 3187 590 3245 quam
608 3187 691 3230 mens
708 3170 839 3245 providit
856 3170 926 3245 quid
943 3171 1017 3229 velit
1034 3175 1102 3229 ante

191 3256 230 3316 ad
248 3259 364 3331 tempus
382 3250 514 3337 omitto),
542 3273 615 3330 ergo
637 3255 751 3316 animus
778 3275 843 3316 cum
868 3274 934 3315 sese
952 3256 995 3314 ita
1013 3257 1177 3314 commovet
1194 3257 1227 3312 ut
1248 3253 1321 3313 velit

190 3343 245 3418 ire,
263 3341 333 3407 ferit
350 3342 465 3401 animae
483 3341 544 3401 vim
561 3359 616 3417 per
633 3341 765 3402 membra
782 3346 813 3400 et
829 3347 911 3402 artus
929 3341 1071 3400 dissitam.
1107 3341 1180 3398 lnde
1199 3357 1236 3398 ea
1252 3357 1320 3414 pro-

190 3445 279 3503 porro
298 3445 403 3502 corpus
422 3427 498 3505 ferit,
517 3432 606 3502 atque
631 3427 674 3486 ita
692 3431 757 3486 tota
773 3428 865 3486 moles
888 3431 1030 3486 movetur.
1075 3427 1237 3485 Praeterea
1258 3429 1320 3484 tum

102 3585 104 3592 .
192 3531 298 3588 corpus
316 3514 456 3591 rarescit,
483 3518 512 3573 et
537 3519 589 3572 aer
613 3512 729 3572 mobilis
747 3513 777 3571 in
796 3513 940 3572 foramina
959 3514 1021 3572 cius
1045 3515 1198 3588 penetrat,
1222 3514 1252 3569 et
1274 3508 1320 3568 his

191 3600 305 3659 duabus
330 3599 418 3658 rebus
442 3616 548 3674 corpus
572 3599 711 3658 utravis
736 3597 810 3656 velis
838 3604 984 3674 ventoque
1013 3597 1114 3656 fertur.
1145 3631 1186 3638 -
1214 3596 1248 3653 In
1273 3595 1320 3653 his

190 3683 262 3743 nihil
303 3683 340 3743 de
375 3684 512 3744 libertate
555 3688 606 3742 aut
640 3685 827 3743 necessitate.
895 3685 1000 3758 Neque
1046 3683 1123 3741 enim
1159 3680 1319 3758 quaeritur,

190 3774 287 3830 utrum
323 3770 487 3830 simulacris
522 3787 662 3845 cogamur
702 3787 802 3829 meare
839 3788 876 3827 an
914 3770 957 3828 eis
992 3768 1140 3843 possimus
1168 3766 1319 3844 resistere,
1424 3795 1429 3805 ι

192 3855 244 3914 sed
271 3857 390 3931 ponitur
415 3874 469 3915 nos
497 3856 599 3914 velle
629 3855 688 3933 ire3
720 3855 757 3914 de
785 3855 900 3914 ratione
925 3854 1017 3929 igitur
1034 3853 1098 3911 sivc
1120 3853 1157 3910 de
1178 3851 1319 3911 facultate

191 3941 306 3999 meandi
336 3942 443 4017 agitur.
488 3941 667 4000 Luculenter
689 3940 745 3999 hoo
770 3942 933 4000 illustratur
957 3939 1042 3998 navis
1067 3938 1218 4015 exemplo,
1244 3955 1320 4011 quae

192 4025 295 4085 velis
316 4031 509 4102 ventoque
538 4025 640 4086 fertur.
684 4027 760 4084 Nam
786 4044 824 4085 ne
846 4025 895 4084 hic
921 4025 1038 4099 quidem
1062 4023 1227 4100 quaeritur,
1251 4041 1319 4081 num

192 4112 313 4185 quavis
335 4130 441 4171 navem
469 4112 499 4170 in
529 4111 707 4171 contrariam
737 4115 853 4185 partem
881 4111 1027 4186 repellere
1050 4108 1158 4188 possit,
1185 4108 1239 4166 sed
1263 4107 1320 4166 hoc

191 4214 279 4255 unum
298 4195 461 4256 affirmatur
481 4215 547 4257 eam
564 4198 638 4257 velis
655 4201 802 4271 ventoque
820 4213 908 4270 posse
925 4194 1058 4271 provebi.
1094 4194 1140 4254 Ne
1157 4211 1229 4253 vero
1249 4193 1318 4252 inde

191 4280 335 4342 efficiatur
358 4283 417 4344 illis
442 4284 607 4344 simulacris
635 4277 689 4343 rios
706 4283 773 4360 cogi
796 4287 847 4342 aut
863 4282 1043 4341 voluntatem
1062 4280 1203 4359 excitari,
1229 4283 1319 4354 poeta
