3198 4938
668 295 838 352 ...17-

186 465 227 524 IV
247 465 329 523 1097
349 467 381 523 ut
398 464 501 524 bibere
521 509 528 524 .
549 509 556 524 .
575 465 619 525 sic
637 459 758 546 (1101).
781 498 822 506 -
847 464 912 522 Nec
930 466 1028 524 tamen
1046 463 1196 524 dissimulo
1215 481 1312 524 exem·

186 552 271 625 plum
291 550 391 610 verbis
416 551 515 628 „quod
539 548 653 625 genus“
686 551 884 609 introductum
913 549 1030 624 saepius
1056 549 1143 608 etiam
1168 555 1249 611 recte
1274 549 1313 609 ad

186 636 392 696 antecedentia
418 635 513 714 trahi3
539 635 687 695 interdum
712 636 789 695 euim
815 651 863 694 res
888 633 1063 693 illustranda
1087 638 1176 694 autea
1199 639 1312 694 tantum

185 726 373 798 memoratur,
391 725 443 780 aut
459 721 555 780 denuo
572 727 696 797 excepta
710 719 905 780 introducitur
919 719 1071 794 particulis
1088 719 1151 799 „sio
1165 718 1311 793 igitnr“

185 803 237 888 (of.
263 808 303 867 Vl
322 807 385 865 890
408 805 486 880 quod
504 825 597 882 genus
616 852 623 867 .
645 852 652 867 .
674 805 735 865 895
761 806 805 865 sic
829 805 918 881 igitur
938 849 945 864 .
965 800 1004 887 .)3
1030 822 1207 880 quamquam
1224 805 1256 863 lit
1279 810 1312 865 ut

185 893 313 952 addatur
332 891 473 972 „igitur“,
500 894 617 953 etiamsi
635 892 822 968 ‘comparatio
848 891 886 950 ad
905 890 1058 966 sequeutia
1076 894 1205 969 spectat,
1231 892 1312 950 velut

184 978 227 1036 IV
252 977 314 1034 513
339 977 466 1052 deniquo
494 984 526 1038 ut
554 979 585 1037 in
609 979 724 1038 fabrica
749 1021 784 1036 ..
810 976 873 1034 520
898 976 1064 1051 sicigitur.
1110 975 1170 1035 Sed
1195 979 1312 1035 exstant

185 1067 305 1137 praeter
323 1081 388 1122 eum
407 1063 444 1122 de
463 1082 520 1138 quo
538 1065 653 1140 agimus
670 1063 721 1122 alii
738 1062 806 1139 loci,
833 1079 955 1136 quorum
978 1061 1129 1137 elegantia
1147 1066 1177 1121 et
1194 1062 1310 1121 conciu-

184 1148 262 1208 nitas
280 1149 332 1208 illa
349 1150 549 1227 responsione,
569 1167 656 1224 quam
674 1146 887 1226 commendavi,
906 1146 993 1206 valde
1012 1149 1130 1206 ridetur
1147 1148 1266 1223 augeri:

185 1233 309 1292 111266
328 1252 394 1309 sqq.
413 1228 553 1314 (quatuor
571 1235 623 1294 illa
648 1237 795 1294 elementa
819 1232 910 1293 animi
928 1233 1013 1308 quasi
1032 1234 1141 1293 multae
1160 1233 1204 1293 ris
1226 1232 1312 1292 unius

184 1320 316 1394 corporis
334 1314 473 1400 exstant).

270 1421 368 1496 quod
393 1439 509 1496 genus
534 1421 565 1479 iu
583 1421 686 1496 quovis
704 1422 884 1481 animantum
902 1421 1018 1480 viscere
1036 1425 1124 1496 volgo

270 1511 317 1566 est
334 1505 407 1564 odor
425 1510 455 1565 et
473 1506 593 1581 quidam
611 1508 692 1566 calor
710 1511 739 1566 et
757 1525 853 1587 sapor,
874 1511 904 1568 et
921 1512 1021 1566 tamen
1039 1524 1077 1567 ex
1095 1506 1141 1566 his

271 1591 405 1650 omuibus
423 1596 573 1651 estonum
591 1591 752 1668 perfectum
772 1594 903 1669 corporis
922 1611 1066 1669 augmen:

270 1675 325 1735 sic
349 1680 430 1737 calor
447 1682 535 1753 atque
553 1684 606 1738 adr
623 1684 653 1738 et
669 1679 750 1738 venti
768 1697 858 1739 caeca
875 1684 1008 1756 potestas

184 1760 247 1818 270
269 1761 360 1821 mixta
379 1769 481 1824 creant
499 1783 586 1824 uuam
603 1769 739 1824 naturam
759 1809 766 1823 .
787 1809 794 1824 .

164 1861 226 1934 ΙΠΙ
249 1863 311 1922 327
333 1883 399 1940 sqq.
424 1862 543 1948 (corpus
569 1871 599 1926 et
624 1868 737 1926 animus
762 1867 964 1926 communibus
992 1867 1070 1926 inter
1098 1884 1131 1926 εθ
1159 1866 1308 1927 radicibus

182 1947 307 2008 haerent
324 1969 379 2010 uec
396 1952 459 2011 sine
478 1953 608 2028 pernicie
626 1952 727 2010 divelli
744 1970 833 2026 posse
850 1946 1009 2032 videntur).

226 2034 322 2107 quod
340 2053 457 2110 genus
475 2055 492 2095 e
509 2037 603 2095 thuris
621 2037 735 2111 glaebis
750 2038 879 2095 evellere
897 2035 1018 2095 odorem
1131 2040 1134 2048 ’

166 2175 172 2186 ,
225 2116 316 2198 haud
334 2118 448 2180 facile
468 2127 541 2199 cst,
561 2122 652 2195 quin
674 2122 801 2181 intereat
818 2126 924 2180 natura
942 2139 1058 2196 quoquc
1076 2121 1156 2182 eius:

226 2203 282 2262 sic
300 2205 388 2264 animi
406 2211 495 2281 atque
513 2207 629 2265 animae
647 2211 781 2266 naturam
799 2224 922 2282 corpore
937 2212 999 2267 toto

226 2290 382 2350 extrahere
399 2291 500 2354 haud
518 2292 634 2351 facile
652 2297 709 2352 est
727 2292 812 2368 quin
830 2293 928 2352 omnia
944 2291 1153 2353 dissolvantur.

181 2391 219 2449 H.
239 2393 257 2450 l.
275 2392 318 2450 illi
340 2411 428 2468 quam
445 2394 575 2454 indicavi
593 2394 769 2469 oppositioni
787 2395 917 2469 ipsorum
934 2397 1129 2456 membrorum
1146 2394 1306 2456 similitudo

182 2477 300 2536 videtur
327 2479 438 2540 lavere.
468 2515 509 2522 —
538 2480 695 2555 Languida
723 2498 842 2554 prorsus
870 2487 916 2540 est
943 2481 987 2539 111
1016 2483 1077 2539 276
1103 2498 1168 2556 sqq.
1197 2481 1306 2556 triplex

181 2563 313 2641 collatio,
339 2565 396 2622 nisi
420 2567 581 2624 membrum
606 2566 704 2644 „quod
726 2582 820 2639 genus
842 2610 849 2624 .
870 2563 898 2625 .“
923 2565 963 2625 ad
987 2567 1142 2641 sequentia
1165 2572 1303 2625 vocatur:

180 2640 301 2725 (quarta
318 2648 370 2707 illa
384 2655 489 2710 natura
507 2651 623 2709 animae
640 2650 765 2709 nominis
784 2668 890 2726 expers
916 2669 1050 2726 prorsum
1068 2653 1142 2712 latet
1161 2695 1169 2711 .
1189 2696 1196 2711 .
1215 2655 1305 2726 atquo

179 2731 277 2792 anima
295 2738 340 2792 est
358 2735 474 2794 animae
492 2753 635 2810 proporro
653 2736 741 2795 totius
759 2731 848 2817 ipsa).

265 2835 365 2908 quod
389 2853 510 2911 genus
534 2837 565 2896 in
583 2837 693 2897 nostris
711 2838 850 2897 membris
869 2842 900 2897 et
917 2855 1040 2913 corpore
1059 2842 1122 2899 toto

265 2922 357 2980 mixta
375 2924 470 2982 latens
488 2923 577 2981 animi
596 2925 641 2981 vis
660 2928 705 2982 est
722 2924 897 2998 animaeque
915 2927 1057 3002 potestas,

266 3007 438 3080 corporibus
456 3010 526 3082 quia
544 3010 581 3068 de
599 3009 700 3084 parvis
717 3009 878 3084 paucisque
897 3013 1043 3069 creatast:

267 3091 324 3149 sic
346 3091 401 3150 tibi
418 3095 543 3152 nominis
560 3093 636 3152 hacc
654 3112 760 3168 expers
778 3095 823 3153 vis
841 3094 921 3153 facta
938 3095 1057 3154 minutis

180 3175 244 3232 280
267 3177 448 3256 corporibus,
467 3179 539 3238 latet
556 3187 646 3253 atque
664 3178 780 3238 animae
799 3180 883 3253 quasi
900 3180 990 3238 totius
1008 3181 1075 3254 ipsa

265 3267 439 3336 proporrost
456 3264 554 3323 anima
572 3272 603 3323 θῖ
622 3263 789 3323 dominatur
807 3282 930 3340 corpore
948 3269 1022 3324 toto.

267 3348 461 3408 consimili
486 3350 642 3408 ratione
669 3355 819 3410 necessest
836 3355 943 3410 ventus
961 3355 990 3410 et
1008 3356 1061 3409 abr

266 3435 296 3488 st
313 3434 394 3489 calor
410 3433 489 3492 inter
505 3452 538 3493 εθ
555 3436 677 3511 vigeant
696 3436 854 3496 commixta
871 3453 925 3511 per
942 3441 1034 3495 artus.

179 3531 239 3590 Sed
257 3536 414 3608 utcumque
432 3534 469 3595 de
486 3535 533 3596 his
551 3538 623 3596 locis
640 3537 827 3618 iudicabitur,
846 3539 882 3598 de
901 3557 945 3617 θο,
964 3539 1043 3598 uude
1058 3537 1183 3614 profecti
1194 3555 1302 3615 sumus,

178 3618 259 3676 nulla
277 3619 381 3693 opinor
400 3621 455 3680 erit
473 3621 627 3682 dubitatio.

265 3704 304 3764 Ut
321 3706 422 3786 rerba,
446 3707 483 3767 de
508 3707 615 3782 quibus
633 3709 774 3788 diximus,
800 3709 843 3769 ita
862 3727 958 3785 neque
976 3729 1025 3769 vv.
1043 3710 1070 3770 V
1087 3710 1160 3769 266.
1180 3710 1198 3767 7
1218 3709 1304 3769 :V

533 3884 688 3939 verrentes
706 3898 836 3955 aequora
853 3882 934 3941 venti

220 3959 383 4022 diminuunt
400 3963 550 4039 radiisque
568 3969 707 4025 retexens
724 3967 875 4026 aetherius
893 3968 937 4028 sol

176 4060 272 4118 neque
289 4065 338 4106 vv.
356 4050 383 4107 V
401 4050 549 4109 269-72
568 4075 609 4104 =
627 4052 669 4112 VI
687 4051 835 4110 635—38

219 4134 385 4203 percolatur
403 4136 480 4195 enim
498 4137 589 4216 virus,
608 4141 747 4213 retroque
766 4142 900 4198 remanat

218 4218 356 4278 materies
373 4221 482 4282 umoris
502 4227 532 4282 et
549 4224 588 4283 ad
606 4229 695 4300 caput
714 4224 849 4284 amnibus
867 4223 961 4283 omnis

1079 4320 1097 4376 2
