3198 4938
693 302 860 360 ...23-

213 487 283 529 6666
302 475 347 530 661
364 473 524 551 litcrarum,
545 491 622 546 qnae
640 475 671 530 ct
689 471 870 530 comoediam
890 471 1101 529 constituerent
1112 474 1142 530 et
1158 470 1343 545 tragoediam

215 548 349 635 (Aristot.
369 556 405 618 de
424 575 491 633 gen.
511 562 540 616 et
558 575 634 616 corr.
654 555 726 633 315,
741 557 758 612 2
775 553 896 632 Β6116).
926 556 962 613 ni
980 555 1070 629 igitur
1089 559 1153 614 erat
1170 561 1263 616 totum
1279 574 1342 616 cor-

213 658 269 716 pus
290 641 442 702 literarum
461 661 573 703 summa
595 643 710 717 parium
729 641 948 700 elementorum.
993 641 1089 700 Aliter
1111 641 1265 721 Lucreti03
1293 643 1344 716 qni

213 726 390 803 ubicumque
409 731 543 803 exemplo
562 728 713 787 literarum
731 727 832 803 utitur,
851 725 983 800 singulas
1002 726 1104 786 literas
1130 728 1193 785 vult
1211 745 1276 786 6666
1299 728 1342 787 di-

215 830 302 872 versa
320 815 473 873 elementa.
516 814 531 871 Ι
549 814 610 871 912
630 830 695 887 666.
715 811 791 870 enim
810 811 882 870 dicit
901 812 1045 871 elementa
1063 811 1212 870 nominum
1227 809 1341 890 ,‚ligni“

215 901 246 956 ct
278 896 396 975 ,16616ιι
433 900 595 958 maxima
633 917 676 958 ex
711 901 823 971 parte
852 898 956 956 eadem
990 913 1073 975 esse3
1109 897 1198 955 simili
1229 899 1343 958 ratione

215 984 309 1041 1823
328 1001 393 1059 sqq.
419 985 517 1044 multis
540 984 640 1042 verbis
663 984 704 1041 ait
728 984 846 1041 multa
872 984 1019 1041 elementa
1041 1000 1107 1042 csse
1130 983 1294 1043 communia
1315 988 1344 1043 et

214 1069 242 1125 lI
269 1070 349 1127 1013
380 1088 446 1144 sqq.
479 1072 624 1129 elementa
652 1068 808 1146 verborum
836 1068 997 1126 maxima
1025 1086 1069 1127 ex
1098 1072 1209 1143 parte
1240 1070 1343 1128 eadem

215 1171 289 1214 6666.
312 1155 367 1213 Η16
384 1156 456 1215 16616
476 1155 604 1230 explicat
622 1159 711 1253 potita
729 1154 832 1212 eadem
851 1153 913 1212 fere
931 1154 1092 1227 primordia
1111 1152 1227 1212 efficere
1247 1155 1343 1214 diver-

215 1257 264 1299 sas
283 1258 331 1299 res
351 1235 444 1321 (velut
462 1241 573 1313 lignum
593 1240 647 1299 et
636 1257 747 1339 ignem,
775 1239 886 1298 caelum
905 1256 986 1297 mare
1003 1245 1098 1299 terras
1116 1239 1235 1298 flumina
1253 1241 1344 1299 solem

217 1329 306 1400 atque
324 1325 425 1401 fruges
450 1328 570 1386 arbusta
595 1326 712 1384 animan
714 1320 827 1406 tes)ct
798 1319 978 1383 ctdiversas
996 1325 1128 1400 proprict
1115 1329 1208 1384 t:ates
1235 1327 1344 1386 formas

217 1413 331 1470 colores
350 1429 464 1472 sensus.
509 1412 719 1471 Verumtamen
744 1427 844 1469 omnes
867 1427 916 1468 res
941 1409 1079 1469 docemur
1101 1415 1236 1470 constare
1259 1429 1343 1486 per·

217 1497 335 1556 mixto
358 1497 478 1556 semine.
524 1497 666 1556 Gramina
699 1495 776 1554 enim
806 1499 836 1555 ct
868 1495 986 1554 flumina
1014 1496 1074 1554 alia
1103 1496 1253 1556 continent
1285 1498 1343 1556 ele-

216 1586 317 1640 menta
342 1599 418 1657 quae
444 1583 563 1661 ovibus,
595 1582 655 1641 alia
673 1598 748 1656 quae
767 1581 859 1658 equis,
879 1581 938 1640 alia
957 1599 1032 1656 quae
1050 1583 1149 1642 vaccis
1167 1583 1344 1642 conveniunt

217 1667 326 1725 11660
344 1685 409 1743 sqq.
424 1664 457 1746 ¹).
501 1667 598 1742 Atque
617 1667 692 1726 haec
710 1667 828 1741 quidem
847 1668 992 1726 sententia
1010 1667 1182 1743 discrepans
1203 1667 1343 1742 quodam-

216 1752 303 1812 modo
329 1771 393 1812 cnm
417 1753 469 1811 illa
492 1753 661 1829 superiore,
695 1753 724 1810 ll
748 1753 809 1810 688
829 1770 895 1826 sqq.
915 1752 1018 1812 eodem
1036 1753 1188 1812 literarum
1209 1756 1343 1829 exemplo

216 1838 397 1898 illustratur:
418 1855 519 1898 versus
538 1858 574 1898 ac
591 1839 684 1897 verba
702 1855 740 1895 ex
758 1837 885 1897 diversis
904 1842 1039 1898 constant
1056 1839 1209 1898 elementis
1229 1873 1261 1882 -
1285 1858 1343 1899 non

216 1941 273 1997 quo
299 1923 373 1983 haec
399 1924 496 1983 omnia
520 1926 598 1984 inter
623 1941 654 1984 se
685 1924 831 2001 differant,
859 1924 912 1982 sed
938 1924 1008 1998 quia
1036 1942 1094 1982 non
1118 1925 1216 1982 omnia
1240 1926 1343 1984 eadem

216 2013 292 2067 sunt.
328 2043 369 2051 —
404 2010 473 2068 Non
506 2009 562 2067 hoc
601 2009 765 2083 exemplum
802 2008 938 2084 displicet
971 2009 1128 2084 dupliciter
1160 2015 1342 2089 usurpatum,

216 2111 318 2152 verum
341 2094 504 2153 sententiae
530 2112 564 2153 eo
590 2095 754 2153 illustratae
777 2095 882 2153 merito
905 2094 1055 2154 mirabiles
1077 2095 1222 2154 videntur.
1259 2095 1341 2154 Nihi-

216 2178 339 2237 lominus
367 2180 479 2239 duobus
504 2181 642 2256 locorum,
668 2197 742 2252 quos
768 2178 866 2258 citavi,
893 2185 1060 2255 suspectum
1079 2180 1220 2259 habetur3
1243 2181 1273 2239 in
1292 2199 1342 2241 eos

215 2282 274 2322 ram
293 2264 484 2338 inquiramus.

359 2351 574 2409 111013-22

363 2434 439 2507 Quin
458 2436 546 2495 ctiam
564 2435 656 2495 refert
674 2435 780 2512 nostris
798 2435 829 2494 iu
847 2436 982 2496 versibus
1003 2436 1077 2510 ipsis

360 2539 425 2579 cum
444 2522 549 2595 quibus
568 2525 597 2581 et
616 2521 696 2596 quali
714 2522 773 2579 sint
791 2521 893 2581 ordine
912 2538 1047 2596 quaeque
1067 2522 1173 2582 locata.

261 2607 341 2664 1015
360 2624 486 2681 namque
502 2606 606 2666 eadem
625 2607 738 2666 caelum
756 2625 837 2666 mare
855 2611 951 2665 terras
970 2606 1089 2666 flumina
1106 2610 1198 2668 solem

288 2723 290 2727 ,
361 2691 528 2766 significant
547 2693 650 2752 eadem
667 2691 768 2767 fruges
786 2693 908 2752 arbusta
926 2692 1094 2752 animantis.

361 2777 386 2834 si
409 2795 468 2836 non
488 2778 587 2838 omnia
605 2782 681 2856 sunt,
701 2782 733 2835 at
751 2779 843 2837 multo
862 2778 990 2837 maxima
1007 2796 1076 2852 pars
1095 2784 1141 2839 est

362 2863 537 2922 consimilis:
556 2881 657 2922 verum
675 2863 808 2938 positura
826 2863 1019 2938 discrepitant
1039 2883 1097 2924 res.

363 2948 406 3006 sie
423 2948 495 3024 ipsis
514 2950 543 3008 iu
559 2951 647 3009 rebus
665 2949 735 3008 item
753 2949 811 3008 iam
829 2949 964 3009 materiai

304 3217 331 3285 1)
349 3215 409 3270 Non
427 3217 510 3284 igitur
527 3217 644 3298 eadem
659 3216 792 3270 elementa
810 3215 912 3270 diverso
931 3222 1004 3270 motu
1023 3217 1144 3285 positura
1159 3221 1209 3272 661.
1228 3219 1344 3275 diversas

216 3299 260 3338 res
287 3285 385 3339 constit
386 3290 460 3351 unmt,
489 3285 536 3338 sed
565 3285 682 3348 „semina
708 3284 839 3340 ardoris
866 3286 945 3367 paulo
971 3287 1043 3340 iuter
1069 3301 1098 3340 66
1121 3291 1225 3342 661616
1251 3293 1345 3344 creant

216 3353 339 3420 igneset
353 3354 468 3420 lignum‘
490 3355 515 3422 (I
529 3355 639 3435 911)61
660 3368 853 3421 „uaecumque
871 3355 927 3422 igni
945 3359 1106 3422 cremantur,
1121 3357 1345 3427 haecincorpore

218 3422 314 3488 661661,
333 3423 430 3476 6616
421 3439 512 3490 ignem
530 3425 663 3476 iacereet
652 3423 798 3476 vtillam
815 3424 923 3477 mittere
941 3424 1070 3493 possint-t
1099 3397 1129 3478 '11
1146 3426 1197 3480 612
1214 3442 1268 3494 sqq

219 3489 250 3544 61
270 3491 283 3542 I
301 3491 352 3544 812
370 3506 407 3557 66.
851 3492 947 3545 alimur
963 3509 1011 3546 nos

321 3559 426 3613 certis
444 3559 478 3612 ab
496 3559 582 3625 rebus,
601 3560 680 3620 certis
698 3560 813 3614 aliaet
784 3565 864 3628 atque
882 3562 950 3614 aliae
967 3577 1011 3615 res

217 3644 277 3682 cum
297 3630 317 3681 ll
337 3628 389 3682 874
407 3642 461 3695 sqq.
480 3631 628 3682 vertunt
645 3643 674 3682 se
693 3634 805 3683 cunctae
822 3645 878 3683 res:

320 3701 430 3750 vomunt
447 3713 476 3750 sc
494 3696 567 3751 fluvii
585 3696 740 3751 frondeat
711 3702 740 3751 et
757 3698 855 3766 apbula
871 3698 943 3752 laeta

320 3764 348 3818 in
366 3765 489 3834 pecudes,
508 3769 617 3819 vertunt
626 3781 668 3887 (fe
654 3715 777 3819 ecu'des
768 3783 796 3820 m
815 3782 926 3834 corpora
944 3770 1037 3820 nostra

320 3838 452 3900 naturam,
471 3837 499 3887 et
516 3836 609 3888 nostro
644 3849 659 3887 e
678 3850 788 3902 corpore
807 3850 889 3902 saepe
906 3835 1022 3888 ferarum

319 3906 467 3970 augescunt
483 3903 578 3956 vires

322 3986 388 4052 ergo
404 3987 495 4025 omnes
512 3943 610 4025 natura
627 3971 699 4024 cibos
716 3972 745 4023 in
763 3987 875 4038 corpora
892 3972 952 4025 viva

320 4040 451 4093 vertit.

320 4117 375 4162 non
393 4108 446 4162 6116
463 4110 542 4176 longe
560 4108 666 4163 ratione
684 4108 785 4190 adque
787 4107 861 4162 arida
878 4108 953 4189 ligna

321 4177 462 4244 explicat*
453 4193 482 4230 m
500 4176 618 4231 flammas
637 4177 691 4230 61·
682 4193 711 4230 m
729 4176 799 4241 iguis
817 4176 907 4231 omnia
924 4177 1019 4230 versat.

217 4243 291 4297 Haec
309 4245 490 4300 inconstantia
506 4246 585 4299 161166
603 4245 755 4314 6616161
773 4261 817 4313 pg
836 4247 870 4299 39
888 4261 924 4312 sq.
