3198 4938
690 281 855 341 ..45-

253 461 286 516 ut
304 456 445 516 merito
464 457 545 516 celer
561 455 608 516 his
625 457 714 516 rebus
733 454 888 534 dicatur
904 457 1013 532 imago.

211 543 270 604 Sed
290 543 316 601 si
335 561 393 621 vv,
417 560 491 617 quos
508 546 679 620 tractamus,
706 559 765 600 non
790 544 827 603 ab
851 544 1063 618 interpolatore
1081 559 1098 602 c
1115 561 1164 601 vv.
1183 543 1210 602 V
1228 541 1301 602 821.
1321 545 1339 601 9

211 629 319 704 sumpti
344 633 427 706 sunt,
456 628 515 688 iam
543 645 602 687 non
636 627 737 688 licebit
769 647 881 704 negare
909 629 1004 706 primo
1032 630 1097 688 loco
1126 646 1177 688 eos
1205 629 1340 704 primitus

211 715 336 790 scriptos
356 731 433 773 esse.

297 801 311 857 Ι
332 799 480 857 146-48
496 822 538 851 =
555 800 584 857 II
603 797 728 857 59-61
749 799 996 858 :11191-93
1015 822 1057 851 =
1074 799 1116 858 VI
1135 799 1259 856 39-41

253 887 339 944 Hunc
357 885 450 960 igitur
466 889 611 944 terrorem
628 885 718 943 animi
735 886 933 959 tenebrasque
951 889 1102 945 necessest

253 989 312 1031 non
331 970 409 1029 radii
427 970 497 1030 solis
514 987 611 1045 nequo
628 969 727 1029 lucida
743 971 805 1029 tela
822 970 881 1030 dici

254 1057 414 1116 discutiant
432 1056 485 1116 sed
502 1060 627 1116 naturae
646 1055 761 1131 species
779 1056 914 1130 ratioque

297 1137 368 1224 (Gn.
387 1143 428 1200 69
447 1158 523 1221 sqq,
541 1143 597 1202 To.
617 1140 690 1220 552,
708 1141 766 1200 Br.·
779 1134 884 1224 202).'

210 1247 273 1306 Hos
297 1263 345 1305 vv.
373 1243 431 1304 Gn.
456 1245 487 1303 in
504 1246 532 1303 l.
551 1246 565 1302 Ι
590 1263 609 1304 a
633 1244 772 1305 Lucretio
797 1244 948 1306 abiudicat
966 1244 1148 1318 eandemque
1166 1227 1342 1304 sententiam

211 1331 358 1407 Sauppius
383 1329 501 1389 videtur
524 1332 691 1407 amplexus,
717 1329 778 1390 ind.
803 1332 871 1390 lect.
897 1330 978 1390 Gott.
1007 1328 1090 1388 1880
1114 1348 1165 1406 pg.
1190 1330 1239 1388 13.
1283 1331 1342 1390 Pro

211 1417 308 1476 causis
327 1416 412 1476 affert
429 1416 480 1474 ille
497 1416 633 1494 primunr,
653 1415 731 1490 quod
749 1419 842 1478 verba
860 1415 959 1494 „huno
977 1421 1120 1476 terrorem
1143 1433 1216 1474 non
1238 1415 1341 1475 radii

211 1503 310 1563 solis
327 1519 449 1576 neque
475 1501 607 1562 lucida
630 1503 713 1561 tela
738 1501 816 1562 diei
841 1502 999 1562 discutiant
1016 1499 1186 1562 necessest“
1208 1519 1267 1560 non
1288 1500 1341 1560 ha·

212 1591 304 1649 beant
322 1605 380 1662 quo
399 1592 543 1666 spectent,
563 1586 620 1646 nisi
637 1588 820 1662 praecedant
836 1589 938 1667 verba,
958 1605 1034 1662 quae
1052 1587 1160 1647 ceteris
1171 1587 1340 1663 locisprae-

215 1673 323 1734 cedunt
343 1673 453 1753 „veluti
464 1673 549 1749 pueri
566 1672 749 1752 intenebris,
769 1673 812 1732 sic
829 1692 882 1734 nos
900 1674 937 1733 in
954 1674 1041 1734 luce
1058 1671 1225 1732 timemus“.
1243 1673 1343 1749 Negat

213 1760 292 1818 enim
310 1777 346 1818 ea
363 1758 469 1818 referri
486 1759 577 1819 licere
594 1757 634 1818 ad
650 1776 700 1818 vv.
726 1760 796 1818 132.
816 1760 855 1817 33
877 1793 914 1802 -
939 1759 971 1818 id
989 1760 1068 1833 quod
1085 1759 1135 1819 Br.
1154 1763 1184 1818 et
1203 1759 1340 1819 Stucrcu-

211 1845 333 1920 bergine
350 1846 506 1905 volucrunt
533 1879 570 1887 -
596 1844 734 1919 quoniam
759 1849 857 1904 terror
881 1849 1069 1920 aegrotorum
1087 1849 1118 1903 et
1136 1845 1341 1905 somniantium

211 1949 248 1992 nc
266 1936 390 1990 naturae
408 1931 527 2006 quidem
545 1930 645 2006 specie
667 1931 739 2005 pelli
763 1931 868 2005 possit.
911 1930 952 1989 At
979 1935 1148 2006 reputemus
1171 1930 1341 1990 Lucretium

211 2017 268 2078 sibi
287 2017 477 2091 proposuisse
505 2020 538 2075 ut
554 2021 676 2092 pectora
693 2016 833 2077 liberaret
851 2035 870 2076 a
888 2016 1095 2091 superstitione
1113 2015 1239 2091 aliisque
1256 2016 1341 2076 vanis

212 2103 304 2162 curis:
344 2103 404 2161 iam
429 2101 551 2177 exponit
574 2101 605 2160 in
631 2101 727 2161 fronte
750 2102 835 2177 quasi
857 2102 948 2161 totius
973 2101 1111 2162 carminis
1135 2101 1284 2181 homines,
1310 2103 1341 2160 in

212 2188 322 2248 somnis
342 2193 372 2247 ct
389 2187 558 2266 vigilantes,
580 2204 668 2247 sanos
686 2191 717 2248 et
735 2193 883 2266 aegrotos,
906 2187 1059 2247 sollicitari
1081 2187 1207 2247 maxime
1223 2188 1341 2248 simula·

213 2273 270 2332 cris
288 2278 477 2352 mortuorum,
497 2290 570 2348 quos
588 2273 690 2333 vivere
709 2273 841 2334 credant.
877 2273 956 2347 Quid
973 2291 1084 2349 quaeso
1101 2272 1191 2351 haec,
1217 2273 1243 2332 si
1263 2273 1341 2334 hunc

213 2364 356 2420 terrorem
374 2359 486 2434 pellere
503 2378 562 2419 uon
579 2359 701 2434 potest?
746 2360 833 2426 Certe
850 2357 908 2418 hoc
925 2377 958 2419 se
974 2377 1062 2435 posse
1080 2363 1132 2418 aut
1150 2357 1277 2418 confisus
1296 2366 1341 2419 est

212 2450 263 2505 aut
285 2445 435 2523 promisit,
462 2445 519 2504 nisi
544 2446 608 2519 ipse
634 2445 787 2504 consilium
811 2445 949 2504 carminis
974 2445 1089 2504 irritum
1114 2443 1212 2504 facere
1237 2445 1339 2504 voluit.

212 2531 280 2590 Non
306 2530 424 2605 quidem
450 2530 581 2605 aegrotis
605 2529 678 2604 ipsis
703 2535 732 2589 et
756 2530 968 2591 somniantibus
992 2535 1088 2590 terror
1113 2529 1203 2589 adimi
1231 2534 1339 2610 potest,

211 2621 243 2675 at
277 2617 340 2676 eius
374 2615 477 2694 timor,
520 2615 571 2689 qni
605 2615 718 2675 somnia
755 2615 875 2675 deorum
913 2617 1046 2676 occultae
1089 2615 1196 2675 mentis
1230 2612 1341 2675 indicia

212 2705 315 2780 putat,
341 2701 519 2779 dispellitur,
545 2719 610 2760 cum
630 2701 774 2761 rationem
793 2720 893 2761 eorum
910 2701 1089 2781 perspiciat3
1108 2718 1204 2776 neque
1223 2702 1340 2762 omnino

212 2789 248 2865 is,
273 2788 324 2862 qui
348 2804 519 2862 persuasum
542 2786 632 2847 habet
649 2805 727 2847 vana
751 2805 815 2847 esse
840 2788 892 2848 illa
917 2789 1084 2867 simulacra,
1110 2788 1140 2847 in
1165 2788 1274 2846 somnis
1297 2788 1340 2846 eis

213 2875 284 2948 angi
301 2874 387 2932 solet.
427 2873 504 2932 Nam

258 2974 383 3054 „quibus
400 2974 431 3033 in
448 2976 536 3034 rebus
554 2975 676 3034 multum
694 2992 793 3034 sumus
811 2980 880 3035 aute
897 2975 1002 3035 morati

256 3059 286 3117 in
304 3060 412 3118 somnis
429 3060 533 3120 cadem
549 3061 722 3135 plerumque
739 3061 873 3120 videmur
890 3059 995 3121 obire“
1023 3061 1064 3120 IV
1083 3061 1155 3120 963.
1175 3061 1226 3121 65.

213 3163 325 3222 Vereor
359 3167 458 3222 tamen
492 3166 526 3221 ut
561 3163 605 3222 ita
639 3163 815 3223 sententiam
847 3164 935 3224 huius
969 3164 1028 3223 loci
1063 3168 1144 3223 recte
1172 3164 1339 3246 reddamus,

211 3247 368 3324 potiusque
405 3248 580 3308 crediderim
613 3248 712 3327 „hunc
747 3253 892 3309 terrorem
928 3246 1037 3309 animi“
1077 3250 1137 3307 146
1172 3250 1339 3326 siguificare

214 3338 440 3415 „terrorem,
469 3334 507 3393 de
536 3351 593 3408 quo
622 3339 692 3394 aute
727 3333 826 3413 dixi“,
856 3354 915 3395 non
944 3340 1114 3414 „certum
1147 3336 1244 3416 illum,
1282 3355 1339 3412 quo

212 3421 263 3494 qui
286 3420 388 3479 morbo
413 3419 523 3479 adfecti
548 3438 707 3495 somnoque
735 3420 844 3496 sepulti
872 3426 939 3480 sunt
964 3418 1146 3500 vexantur“,
1174 3424 1266 3482 verba
1289 3442 1339 3483 au-

211 3509 272 3565 tem
298 3523 377 3585 „non
408 3505 485 3565 radii
514 3505 585 3564 solis
610 3523 665 3565 noc
691 3505 790 3566 lucida
812 3508 873 3566 tela
901 3504 979 3566 diei“
1011 3508 1122 3583 scripta
1147 3525 1212 3568 esse
1240 3526 1340 3568 eorum

102 3625 104 3630 .
213 3608 302 3651 causa
325 3608 401 3666 quae
424 3590 603 3651 antecedunt
630 3596 792 3671 „terrorem
820 3593 934 3651 animi
962 3593 1271 3673 tenebrasque“;
1300 3595 1338 3656 cf.
1371 3608 1373 3613 ·

212 3678 238 3737 V
256 3677 307 3737 49.
327 3676 369 3734 50

254 3780 329 3840 haec
348 3824 355 3839 .
376 3824 383 3839 .
403 3824 410 3841 .
429 3779 480 3854 qui
499 3784 606 3840 cuncta
622 3781 826 3856 subegerit
843 3798 881 3840 cx
898 3781 1054 3866 animoque

255 3867 454 3941 expulerit
472 3866 569 3945 dictis,
587 3884 660 3926 non
679 3867 798 3927 armis
822 3911 829 3926 .
851 3911 887 3927 ..

211 3967 345 4028 Alterum
369 3967 500 4028 Gneissii
528 3973 748 4048 argumentum,
778 3970 858 4044 quod
887 3967 1010 4049 „cnius“
1042 3970 1102 4027 149
1135 3969 1276 4045 respiciat
1300 3972 1340 4032 ad

211 4072 313 4114 vocem
340 4053 510 4135 „carmine“
537 4055 607 4134 143,
635 4059 716 4114 recte
740 4055 799 4115 iam
823 4056 878 4115 To.
907 4055 1067 4134 refutavit,
1091 4073 1155 4115 cum
1178 4073 1339 4131 pronomen

214 4140 287 4200 illud
305 4139 431 4201 referret
448 4141 488 4201 ad
507 4145 650 4221 „naturae
669 4141 783 4216 species
801 4139 973 4220 ratioque“;
999 4142 1052 4201 sed
1069 4139 1194 4201 fortasse
1212 4161 1249 4201 no
1266 4143 1341 4203 haec

212 4226 330 4302 quidem
349 4227 443 4286 verba
461 4227 618 4286 audiuntur
635 4243 731 4301 neque
750 4225 830 4286 aliud
853 4227 1011 4302 quidquam
1029 4247 1058 4286 v.
1080 4228 1139 4285 149
1160 4228 1267 4288 dicitru
1283 4230 1340 4289 nisi
