3198 4938
696 339 866 396 -12.-

286 503 300 560 I
320 502 382 561 350
401 503 525 580 dissipat
544 507 572 564 in
592 523 697 580 corpus
715 524 781 566 sese
800 506 882 565 cibus
900 525 984 565 omne
1003 506 1192 584 animantum,

320 589 436 648 951..
461 635 468 648 .
493 609 547 665 per
580 592 710 666 dissepta
743 591 893 651 domorum
923 609 1013 652 saxea
1038 609 1126 651 voces

403 677 589 751 pervolitant,
602 682 754 752 permanat
773 677 845 735 odor
856 677 1007 752 frigusque
1021 695 1171 753 vaposque
1187 672 1190 758 l
1204 676 1302 750 ignis.
1316 720 1324 735 .
1338 720 1346 734 .

289 760 302 816 I
322 759 385 818 354
402 760 481 820 inter
498 769 602 837 saepta
621 767 720 821 meant
738 780 826 822 voces
846 767 875 821 et
893 764 993 822 clausa
1012 764 1162 823 domorum

403 848 620 925 transvolitant,
639 847 767 923 rigidum
784 854 939 923 permanat
957 849 1051 923 frigus
1069 848 1107 907 ad
1126 867 1193 908 ossa

215 929 302 989 cf.VI
321 933 382 989 228
401 933 507 992 transit
526 978 534 992 .
558 978 565 993 .
586 978 594 992 .
613 933 741 992 validum
759 932 869 993 fulmen
886 951 941 1008 per
958 939 1061 1010 saepta
1077 934 1227 993 domorum

403 1019 513 1077 clamor
531 1023 563 1078 ut
580 1037 615 1078 ac
633 1037 731 1097 voces,
751 1020 858 1078 transit
875 1037 930 1094 per
947 1039 1029 1096 saxa,
1048 1038 1102 1094 per
1119 1038 1190 1079 aera

288 1102 302 1159 I
322 1103 383 1160 489
404 1105 535 1163 transit.
557 1150 564 1164 .
585 1149 592 1163 .
611 1103 720 1164 fulmen
741 1106 863 1182 caelum,
882 1123 936 1179 per
954 1111 1058 1181 saepta
1077 1107 1228 1164 domorum

405 1189 514 1248 clamor
530 1194 562 1248 ut
580 1208 615 1248 ac
633 1208 730 1268 voces,
751 1191 860 1249 ferrum
880 1191 1030 1250 candescit
1048 1192 1078 1249 in
1096 1191 1168 1265 igni.

215 1271 280 1343 Qua
305 1273 422 1348 quidem
447 1292 484 1333 ex
513 1275 730 1350 comparatione
757 1277 847 1335 nolim
877 1277 1010 1335 concludi
1045 1277 1182 1336 similium
1215 1276 1346 1334 locorum

215 1359 340 1417 alterum
359 1360 491 1434 inspecto
510 1362 602 1420 altero
626 1362 817 1436 compositum
844 1379 919 1421 esse.
957 1362 1106 1421 Interdum
1126 1361 1202 1420 onim
1221 1361 1345 1420 redeunt

214 1460 317 1502 versus
334 1463 392 1503 nuo
410 1447 456 1502 vel
476 1447 579 1520 paneis
596 1447 695 1505 verbis
713 1448 897 1507 commutatis
916 1448 997 1505 velut

257 1530 300 1587 llI
319 1532 378 1588 701
400 1531 477 1605 quod
496 1536 649 1606 permanat
668 1533 744 1590 enim
763 1531 970 1610 dissolvituq·
963 1533 1063 1591 interit
1079 1550 1151 1606 ergo

319 1617 379 1674 756
399 1651 475 1658 ——
494 1622 623 1675 mutatur
665 1651 769 1660 ——

215 1705 266 1758 ant
291 1701 394 1760 eadem
417 1703 509 1761 verba
534 1707 707 1778 repetuntur
730 1703 815 1762 aliter
842 1708 953 1762 structa
975 1699 1026 1782 (ct
1046 1701 1167 1761 Lachm.
1184 1719 1287 1761 comm
1307 1701 1344 1760 ad

216 1785 353 1846 V1048.
371 1787 388 1844 9
421 1805 447 1846 e.
467 1805 497 1862 g.
797 1833 800 1840 ι

258 1871 298 1930 VI
317 1873 379 1931 200
391 1781 678 1948 )quaerentesque
651 1873 728 1931 viam
748 1874 1021 1951 circumversautnr,
1040 1873 1095 1932 ιι
1087 1874 1191 1947 rgnis

396 1959 509 2017 semina
527 1960 705 2018 convolvunt
723 1977 764 2017 sc.
786 1959 864 2018 venti

264 2043 290 2102 V
315 2043 378 2101 520
396 2050 632 2119 quaerentesque
652 2045 729 2104 viam
749 2045 1013 2104 circumversantnr
1031 2049 1061 2103 et
1078 2044 1191 2118 ignes

397 2131 507 2204 passim
524 2147 580 2204 per
598 2130 673 2189 caeli
691 2131 814 2189 volvunt
831 2131 968 2189 immania
986 2132 1112 2207 templa;

214 2231 273 2270 non
291 2232 448 2289 numquam
466 2214 592 2290 denique
611 2217 699 2274 etiam
719 2214 829 2274 eisdem
847 2216 947 2274 verbis
966 2216 1025 2274 alia
1043 2215 1124 2273 notio
1141 2215 1251 2274 subest.
1277 2215 1343 2273 Non

215 2298 282 2357 dico
301 2298 337 2358 de
361 2300 484 2374 singulis
504 2302 640 2378 vocibus,
671 2318 747 2375 quae
770 2301 892 2360 consilio
914 2299 1040 2375 quodam
1059 2299 1177 2357 diversa
1197 2299 1343 2376 significa·

215 2384 295 2442 tione
313 2389 461 2459 ponuntur
487 2380 537 2466 (cf.
554 2387 703 2445 Vahlenus
721 2386 751 2443 in
769 2384 830 2443 ind.
849 2387 917 2445 lect.
937 2387 1034 2444 Berol.
1057 2386 1148 2443 1881.
1168 2386 1186 2441 2
1205 2403 1274 2460 pag.
1301 2381 1342 2465 7),

215 2487 310 2544 neque
329 2489 429 2531 omnes
447 2473 604 2531 verborum
622 2473 801 2549 complexus,
822 2471 927 2546 quibus
945 2471 1010 2530 aliis
1029 2471 1102 2530 locis
1121 2470 1179 2528 alia
1203 2470 1345 2530 subicitur

215 2558 370 2634 sententia,
390 2558 474 2631 quasi
486 2558 605 2616 auribus
618 2563 706 2632 atque
718 2558 783 2633 ipso
802 2557 898 2616 sonitu
911 2557 1153 2634 continebantur3
1172 2557 1253 2614 casui
1266 2557 1343 2614 enim

216 2641 341 2700 debetur
359 2660 385 2701 e.
405 2660 434 2716 g.
453 2642 502 2701 hic
520 2644 676 2702 verborum
695 2647 868 2702 concentus:

258 2727 286 2783 ΙΙ
321 2727 384 2785 890
402 2727 516 2802 lapides
535 2773 542 2787 .
563 2773 570 2786 .
590 2773 597 2787 .
617 2733 766 2803 nequeunt
784 2728 904 2786 vitalem
921 2727 1081 2787 reddere
1098 2745 1248 2787 sensnm

404 2814 424 2872 i.
444 2832 470 2873 e.
489 2814 580 2872 vitam
598 2813 716 2873 efficere

213 2901 243 2956 ιι
258 2898 286 2955 ΙΙ
301 2899 382 2956 1006
401 2897 434 2957 fit
462 2903 495 2958 nt
526 2916 574 2957 res
605 2944 612 2958 .
637 2944 644 2958 .
669 2943 676 2958 .
714 2899 833 2973 capiant
859 2916 996 2958 sensus
1022 2903 1052 2957 et
1076 2902 1185 2974 puncto
1211 2904 1344 2974 tempore

404 2985 573 3044 reddant
590 2986 610 3044 i.
630 3003 655 3044 e.
674 2985 811 3059 perdant.

215 3068 275 3127 Sed
298 3069 323 3127 si
345 3075 391 3128 ter
413 3071 438 3129 V
458 3072 530 3149 488,
560 3071 600 3130 VI
626 3070 697 3149 405,
730 3071 769 3129 VI
796 3071 877 3128 1142
902 3070 933 3128 in
957 3087 1059 3129 versus
1085 3070 1165 3129 exitu
1191 3088 1344 3147 „campos-

216 3171 273 3227 que
296 3153 445 3214 natantis“
479 3156 696 3232 intellegendae
720 3161 787 3215 sumt
814 3153 961 3234 „undae“‚
988 3157 1079 3216 semel
1101 3156 1140 3215 VI
1159 3157 1220 3213 267
1246 3175 1343 3234 ⁷,cam-

133 3245 136 3253 ’
215 3256 329 3314 posqne
357 3239 480 3300 natare“
518 3241 720 3316 significantur
750 3242 866 3319 „campi
896 3239 1065 3318 inundeti“‚
1102 3243 1150 3300 vel
1180 3241 1204 3300 si
1228 3242 1256 3298 lI
1281 3243 1342 3300 863

217 3323 428 3401 „fundamenta
452 3328 558 3401 quibus
582 3328 692 3386 nitatur
716 3345 829 3385 summa
853 3324 977 3385 salutis“
1005 3326 1141 3385 dicuntur
1162 3327 1344 3403 „primordia

215 3407 352 3488 rernm“,
377 3412 418 3471 IV
439 3413 632 3472 secantem:
663 3411 875 3489 „fundamenta
900 3412 1006 3486 quibus
1030 3413 1147 3471 nixatur
1172 3413 1234 3471 vita
1251 3413 1343 3471 salus-

217 3494 296 3570 que“
315 3514 380 3555 cum
398 3498 457 3556 alia
480 3497 599 3556 vivendi
626 3498 772 3572 principia
795 3502 856 3556 tum
881 3495 974 3575 „fides
999 3496 1157 3558 ιιιιιιιιιιιιι
1184 3492 1234 3578 (ιῖ.
1253 3516 1304 3572 pg.
1325 3499 1342 3556 5

217 3583 259 3639 Ill
287 3581 367 3659 325,
401 3584 427 3641 V
447 3584 508 3641 554
535 3588 564 3642 ιι
588 3584 629 3641 VI
649 3583 727 3661 775,
756 3583 797 3641 VI
816 3578 905 3665 990):
931 3601 988 3642 non
1011 3582 1129 3642 videtur
1150 3583 1344 3658 improbabile

217 3670 336 3742 poetam
358 3669 387 3726 in
407 3669 565 3728 eorundem
583 3670 740 3728 verborum
758 3686 841 3727 usum
859 3669 1008 3746 recidere,
1035 3669 1104 3744 quia
1129 3687 1217 3728 sonus
1237 3674 1267 3727 et
1292 3687 1343 3727 nn-

217 3771 315 3812 merus
333 3772 432 3814 eorum
449 3756 479 3813 in
498 3760 595 3814 monte
610 3753 782 3814 haerebant.

304 3840 402 3899 Etiam
427 3842 554 3901 maiores
577 3859 713 3900 versuum
739 3841 830 3900 series
853 3840 1021 3899 Lucretium
1043 3839 1185 3898 memoria
1214 3840 1345 3900 tenuisse

219 3923 289 3998 quid
308 3926 423 3985 omnino
442 3927 563 4005 mirum,
592 3944 657 3985 cum
676 3926 740 3984 dies
759 3930 788 3984 et
805 3929 907 3984 noctes
926 3926 1091 3985 elaboranti
1109 3925 1225 3984 facilins
1242 3925 1344 3986 inhae-

219 4017 337 4069 rescunt
353 4013 529 4086 praesertim
552 4031 589 4072 ea
613 4030 689 4086 quae
707 4029 892 4070 numerorum
911 4010 1025 4069 vinculo
1045 4009 1240 4070 cohibentur?
1284 4013 1345 4069 Iam

220 4095 246 4153 si
266 4096 331 4169 quis
350 4112 384 4155 eo
403 4097 553 4172 confugiat
570 4102 603 4156 ut
622 4114 671 4156 eos
690 4098 793 4156 saltem
818 4098 916 4173 locos,
947 4114 1020 4170 quos
1039 4114 1075 4155 cx
1098 4097 1164 4154 aliis
1182 4097 1345 4172 exscriptos

222 4198 288 4240 esse
305 4182 464 4241 verisimile
488 4187 549 4260 est,
581 4182 785 4258 interpolatori
809 4182 980 4241 tribuendos
1005 4199 1070 4241 esse
1095 4182 1254 4241 contendat
1278 4201 1345 4258 pro-

223 4270 326 4341 pterea
344 4266 421 4342 quod
441 4267 492 4328 illa
510 4287 600 4343 opera
617 4267 739 4342 indigua
758 4268 796 4328 sit
813 4272 917 4342 poeta:
937 4267 962 4326 is
980 4267 1037 4327 nisi
1051 4266 1138 4326 fallor
1153 4285 1210 4327 non
1225 4269 1345 4328 rationi-
