3198 4938
631 358 634 368 .
738 329 908 384 -08-

263 493 305 552 313
325 495 540 555 demonstretur
564 495 656 573 „nulli
675 497 792 571 corpori
809 497 896 554 inane
914 497 1085 575 resistere“,
1111 516 1169 557 000
1190 499 1221 557 id
1240 497 1318 572 quod
1336 500 1386 558 dc-

261 580 478 640 monstrandum
499 581 537 640 sit
555 582 686 658 „nullam
703 582 799 640 inanis
817 586 930 657 partem
949 600 1035 656 posse
1053 587 1151 644 terrae
1168 582 1338 663 resistere“,
1358 589 1388 645 et

262 665 340 738 quod
356 667 447 725 verba
462 667 533 745 „tali
546 663 680 726 rationc“
697 662 807 749 (1081)
820 669 1001 726 commodum
1013 685 1131 728 sensum
1143 689 1201 729 non
1213 671 1386 750 praebeant,

261 748 317 807 0131
335 751 483 827 excipiant
500 753 592 812 verba
610 747 717 833 (1077.
741 749 773 832 8)

642 856 699 913 quo
718 856 842 913 corpora
859 855 924 896 oum
941 843 1094 918 venerunt,

303 921 488 996 ponderis
507 923 651 983 amissa
672 925 709 982 vi
727 924 841 998 possint
859 929 938 983 stare
955 924 985 982 in
1003 925 1094 984 10301.

262 1023 403 1082 Similiter
431 1025 504 1102 „tali
533 1023 667 1084 ratione“
694 1026 820 1100 positum
849 1031 895 1085 est
923 1027 939 1084 I
967 1025 1039 1106 395,
1074 1047 1109 1086 ac
1138 1032 1219 1110 recto
1249 1029 1387 1088 Stucren·

261 1109 383 1184 burgius
400 1110 442 1169 ita
459 1110 671 1185 interpretatus
693 1115 755 1170 est:
783 1111 856 1190 „tali
875 1111 988 1171 rationo
1006 1116 1038 1171 ut
1056 1113 1099 1170 illi
1118 1112 1320 1174 existimant“.
1346 1147 1388 1157 -

260 1195 369 1255 Versus
393 1213 466 1272 quos
488 1201 648 1256 tractamus
672 1199 777 1257 abesse
802 1215 890 1272 posse
914 1215 971 1255 non
998 1215 1088 1277 neg03
1118 1203 1149 1257 at
1173 1201 1238 1274 quis
1256 1201 1388 1274 requirat

260 1281 333 1340 duos
351 1281 570 1360 antecedentes,
597 1283 622 1342 si
641 1283 762 1342 absint?
787 1283 878 1342 Immo
905 1300 970 1341 oum
989 1283 1150 1344 offensione
1168 1290 1298 1365 careant,
1318 1284 1347 1346 h.
1366 1288 1386 1345 1.

260 1366 308 1424 vel
325 1367 460 1441 primitus
478 1367 580 1443 scripti
598 1368 745 1428 videntur.

346 1469 558 1529 ursan-ac
578 1495 619 1522 2
637 1471 666 1528 11
685 1471 811 1529 03-33
910 1457 914 1465 ’

304 1553 387 1611 1390
405 1555 479 1614 1330
497 1557 609 1616 animos
629 1557 695 1616 ollis
716 1601 722 1616 .
743 1603 749 1616 .
769 1557 911 1617 iurabant

406 1658 469 1699 oum
488 1641 593 1702 satiate
612 1642 686 1701 cibi:
706 1661 774 1701 nam
792 1648 854 1701 tum
872 1648 939 1702 sunt
957 1643 1088 1702 carmina
1106 1643 1197 1702 cordi.

305 1725 386 1782 1392
409 1743 498 1801 saepe
515 1727 616 1802 itaque
635 1727 713 1786 inter
731 1745 763 1787 33
781 1729 922 1802 prostrati
939 1730 970 1786 in
990 1729 1122 1804 gramine
1139 1729 1221 1788 molli

405 1818 526 1887 proptor
544 1831 639 1887 aquae
656 1813 749 1872 rivom
768 1815 821 1874 sub
840 1815 930 1874 ramis
948 1815 1062 1874 arboris
1080 1814 1159 1872 altae

404 1915 463 1955 non
483 1899 598 1974 magnis
616 1900 721 1972 opibus
739 1899 864 1959 iucundo
883 1917 1006 1974 corpora
1024 1900 1182 1978 habebant,

404 1985 578 2057 praesertim
598 2003 663 2043 oum
681 1989 842 2059 tempestas
859 1985 976 2044 ridebat
994 1991 1024 2044 et
1042 1985 1110 2044 anni

305 2067 386 2125 1396
405 2073 540 2144 tempora
555 2070 719 2145 pingebant
738 2071 894 2131 viridantis
912 2072 1032 2131 floribus
1050 2071 1168 2130 herbas.

405 2158 466 2213 tum
483 2156 558 2234 ioca,
577 2159 640 2214 tum
658 2174 763 2233 sermo,
783 2161 845 2215 tum
864 2157 965 2216 dulces
985 2173 1049 2216 esse
1069 2156 1203 2216 cachinni

404 2246 588 2301 consuerant.

344 2318 414 2404 (Gn.
436 2327 485 2404 76,
505 2327 560 2385 To.
580 2325 653 2405 551,
671 2327 722 2387 Br.
741 2329 825 2387 Burs.
844 2326 980 2387 Jabresb.
1002 2327 1228 2404 1874-76,11
1249 2323 1333 2410 187).

257 2425 312 2483 His
340 2429 475 2488 versibus
509 2428 538 2487 in
568 2430 586 2489 l.
616 2429 645 2486 Π
680 2430 800 2488 mutatis
828 2430 985 2489 verborum
1013 2429 1193 2503 temporibus
1222 2447 1325 2490 aevum
1354 2431 1384 2490 in

257 2528 341 2569 nsum
366 2532 463 2589 pauca
487 2532 610 2590 poscere
636 2517 786 2594 probatur,
813 2515 844 2574 in
861 2517 881 2574 1.
902 2517 936 2576 V.
956 2514 1127 2591 depingitur
1144 2515 1206 2573 vita
1223 2517 1384 2590 primorum

257 2596 415 2658 hominum.
460 2601 684 2659 Γ1301313013ιο
703 2619 753 2660 eos
771 2601 802 2660 in
820 2602 839 2660 l.
859 2603 885 2660 V
903 2601 1093 2660 Neumannus
1111 2601 1131 2658 1.
1150 2601 1170 2659 l.
1193 2619 1263 2676 pag.
1283 2604 1334 2661 22.
1354 2604 1383 2682 3,

258 2684 305 2742 001
325 2683 381 2743 Gn.
399 2687 499 2744 31Το
519 2687 728 2764 assentiuntur,
752 2705 817 2746 oum
838 2686 894 2746 hac
909 2685 972 2746 fere
988 2687 1099 2745 nitatur
1111 2689 1383 2762 argumentatione:

259 2770 409 2848 „Iuonnde
428 2788 533 2846 corpus
551 2769 681 2831 131303ιι
696 2766 807 2854 (1394)
820 2772 967 2847 significat
984 2771 1071 2848 „cibo
1090 2789 1196 2846 corpus
1211 2771 1382 2850 recreare“;

258 2857 311 2915 sod
327 2873 391 2914 oum
406 2861 494 2916 30133
510 2852 620 2938 (1391)
633 2858 741 2915 dixerit
754 2857 841 2917 Lucr.
860 2857 993 2916 homines
1011 2856 1078 2916 illos
1096 2863 1228 2932 agrestes
1247 2863 1382 2918 cantasse

257 2959 323 3001 cum
341 2943 434 3001 saturi
453 2947 561 3020 essent,
583 2961 633 3002 eos
652 2962 699 3001 vv.
721 2943 889 3001 1392-96
909 2945 1005 3002 denuo
1024 2948 1181 3002 coenantes
1198 2942 1279 3003 facit.
1318 2944 1382 3002 Hoc

256 3027 403 3103 ingratum
423 3034 477 3088 est.
521 3028 561 3086 At
578 3029 608 3086 in
626 3030 725 3088 vorbis
743 3028 815 3102 ipsis
833 3027 906 3086 nihil
925 3029 962 3087 de
981 3045 1082 3088 coena.
1128 3028 1160 3087 Si
1178 3047 1248 3088 vero
1268 3029 1336 3088 101.
1354 3029 1383 3087 Π

256 3131 291 3173 30
320 3113 505 3192 0301103301,
524 3118 630 3174 tamen
655 3115 685 3172 in
711 3115 730 3172 l.
757 3115 782 3172 V
813 3114 854 3174 313
879 3115 938 3172 alia
968 3114 1115 3172 sententia
1141 3115 1262 3174 subesse
1291 3115 1384 3190 possit

256 3194 306 3279 (01.
332 3217 382 3275 pg.
411 3194 472 3282 12).
534 3201 638 3274 Itaque
670 3200 848 3274 interpretor
881 3199 1027 3279 „iucrmde
1053 3217 1158 3274 corpus
1184 3199 1316 3261 habere“
1341 3235 1383 3242 -

257 3283 439 3359 eundemque
468 3286 497 3343 in
527 3286 644 3344 modum
673 3286 819 3363 „iracunde
845 3302 951 3360 corpus
977 3282 1101 3344 000300ίι
1131 3286 1160 3343 ΙΙ
1179 3285 1217 3342 31
1237 3320 1279 3328 -
1298 3286 1384 3365 „sich

256 3369 333 3429 wohl
357 3369 475 3449 hiblen,
502 3370 566 3429 sich
592 3369 704 3445 gitthoh
728 3369 822 3430 1100ιι
838 3367 876 3453 Ι);
907 3387 1002 3445 nequo
1030 3370 1121 3446 igitur
1149 3371 1195 3430 bis
1223 3371 1260 3430 de
1290 3389 1384 3430 coena

257 3455 372 3515 dicitur.

341 3543 435 3600 Porro
459 3542 649 3600 Noumannus
675 3540 778 3600 haeret
802 3541 832 3598 in
857 3541 956 3612 verbis
982 3560 1080 3621 „non
1104 3543 1253 3616 magnis
1279 3543 1383 3616 opibus

257 3626 383 3686 iucundo
409 3645 533 3702 corpora
556 3625 737 3704 habebant“,
764 3626 901 3702 quoniam
927 3627 986 3686 illis
1010 3627 1176 3687 hominibus
1194 3629 1292 3687 nullae
1311 3647 1382 3703 opes

345 3863 373 3932 1)
391 3861 548 3930 01.Ηο0.00.
568 3860 615 3927 12,
626 3860 659 3914 29
671 3859 699 3912 in
711 3863 787 3913 cute
802 3861 952 3914 curanda
964 3862 1024 3930 plus
1035 3876 1119 3928 aequo
1129 3865 1240 3930 0030313
1248 3862 1381 3930 inventus,

671 3928 715 3982 001
731 3929 870 3996 pulchrum
882 3929 934 3983 1011
951 3929 979 3982 10
994 3929 1095 3983 medios
1114 3930 1261 3984 dormire
1280 3930 1336 3986 dies
1355 3937 1383 3986 et

672 3997 706 4050 ad
714 3997 857 4066 strepitum
866 3998 983 4052 citharae
993 4005 1125 4052 cessatum
1135 3999 1257 4053 ducere
1267 4017 1381 4055 curam.

572 4064 618 4131 14,
629 4065 662 4118 15
674 4081 716 4119 me
724 4065 851 4135 pinguem
860 4071 888 4120 31
897 4066 1010 4120 nitidum
1019 4067 1089 4121 bene
1099 4071 1215 4121 curata
1223 4074 1297 4123 cute
1306 4071 1381 4124 vises.

493 4137 541 4188 331.
560 4133 715 4200 Π5,38103
733 4135 838 4189 domum
856 4135 1293 4204 atquelpelliculamcurare
1311 4139 1381 4194 iube.

258 4205 294 4258 Hi
311 4221 350 4258 vv.
369 4203 396 4256 id
413 4202 520 4270 quidem
538 4203 635 4256 docent
654 4219 746 4257 curare
765 4206 860 4271 cutem,
885 4204 1035 4272 pelliculam
1053 4204 1119 4272 (sive
1139 4209 1246 4276 corpus)
1260 4223 1314 4260 non
1332 4209 1382 4264 hoo

257 4289 340 4326 unum
357 4273 445 4326 valere
466 4271 539 4335 ,cibo
559 4287 652 4340 corpus
669 4278 817 4326 recreare“.
