3198 4938
681 350 851 411 ...39-

203 522 328 580 Versum
357 521 371 578 I
399 521 461 578 429
490 521 650 597 genuinum
684 539 750 582 esse
786 522 974 584 consentiunt
1008 542 1125 604 omues,
1163 527 1234 586 item
1268 526 1331 587 iere

203 623 305 666 omnes
322 624 351 664 v.
370 607 384 664 I
402 605 463 665 531
481 623 549 667 asse
566 607 735 668 insiticium.
772 607 889 668 Nimiae
907 609 984 668 enim
1003 612 1185 686 garrulitatis
1204 629 1270 673 esse
1289 613 1331 672 ait

203 691 453 766 Stuerenbnrgins
478 697 535 752 act.
561 709 621 752 soc.
644 692 716 768 phil.
742 692 825 768 Lips.
843 693 873 752 11
897 695 960 752 428
985 701 1104 770 poetam
1128 697 1201 757 illud
1225 699 1330 776 ipsum,

203 778 283 853 qnod
299 779 388 853 paulo
413 794 503 853 supra
520 778 579 838 iam
604 797 637 840 se
662 778 825 840 ostendisse
850 777 1038 860 profiteatur,
1065 801 1122 841 uon
1147 784 1177 842 in
1202 789 1330 843 mentem

202 863 361 923 lectoribus
378 880 535 924 revocasse
553 865 625 925 satis
642 863 771 944 habers,
791 865 844 925 sed
861 883 910 925 vv.
930 865 992 924 532
1012 885 1078 943 sqq.
1097 869 1181 943 quasi
1201 870 1238 928 de
1256 870 1330 929 inte-

203 967 257 1025 gro
282 965 449 1026 exponere3
478 955 634 1025 praeterea
657 968 696 1011 ne
721 951 848 1011 inveniri
875 949 993 1026 quidem
1022 952 1053 1011 id
1077 953 1157 1028 qnod
1185 973 1218 1016 se
1243 960 1331 1015 antea

203 1035 369 1095 ostendisse
387 1035 477 1095 dicat.
505 1035 546 1095 At
564 1037 590 1095 si
607 1053 711 1096 versus
729 1037 779 1096 ille
797 1037 924 1096 refertur
942 1037 981 1096 ad
999 1057 1087 1098 nuum
1106 1040 1329 1101 antecedentem

203 1115 308 1203 (530),
334 1121 378 1181 ita
398 1119 525 1181 tortasse
551 1123 697 1198 quispiam
720 1140 787 1183 enm
805 1123 947 1197 explicet:
972 1124 1027 1183 Vv.
1048 1125 1195 1186 222-25
1220 1127 1330 1188 nullam

175 1223 266 1266 .rem
294 1207 438 1282 probatur
459 1206 582 1268 interire
606 1225 694 1283 posse
719 1208 776 1267 nisi
805 1212 855 1268 aut
883 1210 1012 1268 externis
1041 1210 1138 1285 plagis
1166 1213 1254 1271 ictam
1280 1217 1331 1271 aut

201 1292 319 1368 penitus
336 1296 530 1367 penetratam.
576 1293 608 1354 Si
632 1295 714 1353 nulla
737 1311 803 1373 res,
827 1312 865 1354 ne
890 1293 1052 1369 primordia
1076 1295 1204 1371 quidem.
1249 1298 1330 1372 Ergo

203 1377 288 1437 huius
306 1378 363 1437 loci
382 1379 529 1438 sententia
546 1380 641 1454 possit
659 1397 725 1440 esse
743 1381 831 1439 haec:
858 1379 1024 1440 Primordia
1041 1397 1137 1456 neque
1155 1383 1253 1458 plagis
1271 1383 1331 1443 icta

202 1481 297 1538 neque
314 1468 470 1539 penetrata
486 1465 581 1524 retexi
599 1470 722 1540 possunt
737 1499 772 1508 -
787 1482 841 1524 nec
853 1465 912 1525 alia
926 1466 1041 1526 ratione
1059 1471 1170 1542 queunt
1185 1472 1331 1542 temptata

201 1551 320 1628 labare,
343 1554 376 1610 ut
397 1569 488 1625 supra
507 1551 623 1611 ostendi
641 1569 682 1611 sc.
709 1551 847 1626 quoniam
865 1551 954 1612 tertia
980 1552 1063 1610 exitii
1082 1554 1157 1612 ratio
1175 1553 1256 1613 nulla
1275 1560 1329 1613 est.

203 1634 262 1695 Sed
290 1637 322 1696 nt
350 1639 464 1695 constet
492 1635 566 1696 haec
594 1637 809 1715 interpretatio,
839 1637 933 1696 oratio
961 1637 992 1696 in
1022 1636 1099 1697 hunc
1125 1637 1188 1699 fere
1211 1639 1330 1699 modum

203 1720 401 1780 continuanda
419 1726 480 1782 est:
500 1727 532 1781 at
549 1740 587 1781 ne
605 1719 664 1782 illis
680 1722 799 1796 quidem
814 1722 976 1782 rationibus
993 1723 1085 1783 deleri
1096 1729 1219 1798 possunt
1231 1725 1329 1803 prim,

201 1825 268 1866 nam
286 1824 383 1882 neque
401 1807 510 1866 conlidi
528 1813 615 1886 cett,
642 1809 721 1883 quod
740 1808 955 1892 quoniamunon
975 1807 1022 1886 fit,
1048 1810 1171 1869 remita
1188 1809 1329 1886 expedire

200 1893 315 1952 malim:
335 1893 355 1952 l.
375 1911 401 1952 c.
421 1887 447 1974 (Ι
460 1896 521 1952 222
535 1889 614 1976 sqq.)
634 1894 788 1953 materiam
805 1899 955 1954 aeternam
973 1911 1039 1954 esse
1057 1911 1092 1953 eo
1112 1896 1330 1955 demonstratur

201 1977 279 2052 qnod
297 1979 378 2039 nulla
397 1995 446 2037 res
464 1996 481 2037 e
498 1979 590 2038 nihilo
610 1980 680 2038 oriri
699 1980 798 2038 autin
816 1980 890 2038 nihil
907 1979 1006 2039 redire
1024 1981 1127 2053 possit.
1164 1981 1330 2040 Primordia

200 2067 297 2124 antem
309 2069 339 2124 et
352 2065 477 2123 materia
488 2065 566 2123 idem
584 2067 685 2124 valent
703 2060 779 2146 (510
797 2070 865 2124 sunt
882 2065 973 2139 igitur
990 2066 1206 2140 primordia
1223 2067 1328 2146 solida,

200 2149 261 2208 519
286 2150 450 2210 materia
475 2151 568 2226 igitur
591 2155 712 2212 aeterna
734 2167 801 2210 csse
819 2146 929 2232 debet).
974 2151 1061 2210 anr.
1086 2151 1178 2226 igitur
1203 2151 1329 2214 fortasse

199 2235 278 2295 illius
295 2254 407 2295 memor
424 2237 687 2311 argumentationis
704 2253 811 2295 revera
829 2235 927 2296 dicere
945 2236 1038 2297 voluit
1064 2253 1096 2296 se
1120 2241 1208 2297 antea
1230 2243 1328 2298 osten-

200 2321 278 2381 disse
297 2321 459 2397 primordia
477 2323 577 2381 nullo
595 2323 704 2382 modo
722 2339 810 2397 posse
827 2323 931 2382 deleri.
971 2322 1031 2384 Sed
1048 2322 1108 2382 iam
1125 2339 1184 2383 non
1203 2325 1327 2399 garruli-

199 2408 269 2466 tatis
287 2406 456 2482 arguendus
474 2411 528 2467 est.
573 2409 690 2468 Etenim
715 2409 772 2468 hoc
796 2409 861 2468 loco
885 2411 1089 2484 argumentum
1114 2409 1189 2490 petit
1213 2427 1271 2468 non
1297 2415 1328 2470 ut

199 2492 249 2552 illo
268 2510 304 2551 ex
321 2495 410 2553 rebus
429 2494 548 2571 genitis,
575 2511 652 2568 quae
670 2511 766 2569 neque
785 2493 824 2552 ad
841 2494 914 2552 nihil
933 2494 1066 2554 recidere
1084 2512 1181 2568 neque
1202 2511 1218 2553 e
1236 2495 1328 2555 nihilo

199 2578 315 2638 renasci
337 2579 460 2657 possint,
485 2578 538 2638 sed
556 2598 593 2638 ex
610 2579 676 2654 ipsa
700 2584 862 2638 atomorum
888 2584 1002 2640 natura.
1048 2577 1232 2654 Quamquam
1254 2581 1328 2640 illud

198 2669 403 2739 argumentum
420 2665 516 2740 ipsum
535 2683 594 2724 non
612 2665 722 2728 certius
739 2664 891 2724 recordari
908 2664 1043 2745 videtnr3
1067 2684 1135 2726 nam
1152 2667 1242 2740 paulo
1260 2671 1328 2741 post

199 2744 288 2832 (540)
305 2749 337 2808 id
354 2753 453 2810 tamen
474 2751 609 2825 quamvis
627 2751 729 2825 paucis
747 2751 877 2826 attingit.

283 2835 365 2896 Idem
383 2855 412 2896 v.
430 2836 556 2897 recurrit
574 2838 615 2896 IV
634 2838 706 2915 672,
725 2838 776 2896 ubi
793 2854 847 2911 pro
868 2834 996 2916 „paulo“
1016 2842 1112 2896 exstat
1132 2836 1290 2916 „saepe“.-

190 2918 319 2981 mamm.
364 2939 429 2981 eum
464 2938 530 2981 cnm
565 2921 754 2982 antecedenti
792 2923 852 2980 671
889 2927 957 2997 post
996 2941 1026 2982 v.
1061 2924 1122 2981 662
1161 2923 1326 3002 collocavit,

198 3007 267 3080 quia
284 3025 343 3066 non
361 3007 459 3067 dulcia
476 3013 507 3068 et
524 3027 642 3086 amara,
672 3009 726 3068 sed
753 3009 866 3067 leviora
891 3013 921 3066 et
950 3007 1103 3082 asperiora
1128 3009 1274 3066 elementa
1295 3009 1325 3067 in

197 3093 284 3152 melle
309 3093 467 3154 commixta
496 3111 562 3153 esse
589 3098 679 3153 autea
706 3093 872 3168 expositum
901 3093 948 3152 sit.
992 3093 1033 3152 At
1058 3111 1095 3152 ne
1122 3092 1178 3150 hoc
1207 3093 1325 3167 quidem

198 3177 285 3237 anr.
315 3179 487 3254 exposuisse
515 3177 587 3237 milri
615 3176 753 3256 videtur,
789 3179 896 3237 nedum
929 3195 1029 3254 saepe.
1083 3178 1223 3253 Explicat
1254 3197 1325 3238 sane

197 3263 306 3322 11402
325 3265 420 3325 mellis
438 3266 584 3325 elementa
602 3283 668 3325 esse
685 3265 765 3324 levia
783 3269 812 3324 et
830 3265 966 3340 rotunda,
990 3263 1128 3340 qnoniam
1145 3281 1263 3324 sensnm
1282 3265 1324 3324 iu-

198 3350 293 3409 cunde
310 3354 451 3429 tangant,
471 3350 589 3410 sedlll
609 3352 669 3409 193
695 3385 737 3394 -
762 3349 816 3409 hos
840 3351 920 3410 locos
945 3351 1008 3410 vult
1025 3349 1146 3410 Lachm.
1165 3349 1326 3425 significari

198 3454 216 3494 a
233 3438 323 3510 poeta
348 3470 388 3479 -
414 3454 471 3495 nou
498 3437 584 3496 docet
601 3437 741 3496 nonnulla
763 3437 908 3496 elementa
925 3437 1020 3496 mellis
1038 3453 1104 3495 esse
1122 3454 1245 3512 aspera,
1271 3437 1323 3495 sed

198 3521 319 3600 eadem,
346 3540 421 3596 quae
448 3526 536 3582 antea
555 3522 629 3582 dixit
650 3522 736 3601 levia,
764 3539 828 3582 esse
852 3523 1031 3597 asperiora
1056 3539 1163 3597 qnam
1190 3539 1323 3596 aquae.

199 3606 281 3666 Cave
303 3612 402 3668 tamen
426 3607 494 3668 inde
520 3609 643 3684 colligas
668 3609 815 3682 extemplo
844 3607 925 3667 illum
953 3627 982 3666 n.
1012 3623 1078 3666 esse
1106 3607 1323 3681 interpolatum.

197 3692 274 3751 Nam
286 3693 445 3769 explicatio
463 3693 563 3769 aliqua
580 3698 698 3768 praesto
711 3698 765 3753 est.
788 3693 874 3752 Ratio
893 3693 979 3771 enim,
999 3710 1051 3751 cur
1068 3692 1145 3751 idem
1158 3692 1240 3752 cibus
1257 3693 1324 3751 aliis

197 3777 301 3855 dulcis,
320 3779 387 3840 aliis
399 3797 517 3839 amarus
528 3780 577 3858 sit,
595 3779 740 3853 repetitur
757 3778 787 3837 h.
806 3780 825 3837 l.
845 3797 882 3838 ex
899 3779 1039 3837 mixtione
1057 3795 1155 3836 rernm
1170 3772 1245 3858 (658
1258 3796 1323 3853 sqq.

198 3864 245 3922 cui
260 3865 359 3924 suauis
379 3869 425 3925 est
442 3866 534 3942 cibus,
555 3865 582 3924 ei
593 3864 744 3923 levissima
761 3881 887 3938 corpora
905 3865 1004 3923 caulas
1023 3863 1116 3937 palati
1133 3863 1258 3941 intrant;
1277 3865 1323 3923 cni

198 3967 324 4028 amarus,
349 3969 457 4026 aspera
481 3955 511 4010 et
535 3944 676 4031 hamata).
719 3949 814 4009 Levia
841 3949 932 4024 igitur
959 3950 1104 4008 elementa
1132 3953 1199 4007 sunt
1217 3949 1323 4026 dulcia,

197 4052 305 4110 aspera
322 4053 433 4096 amara.
457 4031 551 4118 (Idem
568 4035 694 4096 traditur
712 4035 741 4093 11
759 4030 845 4116 402).
869 4034 993 4110 Saepius
1011 4038 1108 4093 antem
1126 4028 1153 4114 (Ι
1172 4033 1232 4091 815
1246 4052 1322 4112 sqq,

196 4121 225 4178 ll
245 4122 307 4180 660
318 4139 396 4202 sqq,
414 4118 467 4206 al.)
485 4123 641 4198 exponitur
657 4122 688 4180 in
706 4123 794 4181 rebus
813 4121 924 4180 semina
942 4119 1087 4194 permixta
1105 4136 1180 4196 esse,
1200 4137 1323 4193 quorum

197 4206 255 4266 sibi
273 4225 409 4284 quaeque
419 4208 553 4268 animans
564 4209 664 4284 capiat
682 4206 887 4266 convenientia
905 4201 937 4286 (i.
958 4224 983 4264 e.
1002 4199 1125 4285 leviai),
1143 4209 1265 4278 respuat
1280 4205 1323 4264 in-

196 4291 273 4352 festa
291 4288 324 4376 (i.
344 4312 370 4353 e.
390 4289 542 4376 asperas).
587 4295 667 4371 Ergo
685 4294 773 4353 Luor.
792 4310 856 4352 cum
876 4291 947 4351 dicit
965 4309 997 4352 se
1015 4295 1103 4350 antea
1120 4307 1209 4366 saepe
1226 4296 1322 4349 osten-
