3198 4938
774 323 995 380 -6..,

283 495 388 556 eadem
405 493 569 570 propositio
588 494 699 554 eisdem
717 494 838 552 effertur
854 493 968 552 verbis:

326 601 355 656 et
381 596 486 671 quibus
509 596 559 656 ille
576 596 671 656 modis
690 613 866 670 congressus
884 595 1018 655 materiai

325 681 455 741 fundarit
472 686 581 742 terram
600 682 713 742 eaelum
730 697 811 740 mare
832 725 839 740 .
860 725 867 740 .
1189 681 1215 739 V
1233 681 1284 738 67.
1304 681 1323 737 8

323 767 377 827 sed
389 767 495 841 quibus
514 803 609 810 --

324 873 452 894 —-—‘
469 859 578 914 terram
596 857 627 913 et
644 854 758 913 eaelum
777 853 918 929 pontique
936 851 1083 928 profunda
1168 851 1195 910 V
1213 851 1286 909 416.
1307 852 1336 910 7.

280 939 345 997 Nee
361 939 403 998 ita
421 939 580 999 dissimiles
598 943 666 998 sunt
684 944 840 1013 praeterea
857 957 926 998 vv.:

324 1029 391 1084 sunt
410 1025 502 1099 igitur
519 1023 612 1102 venti,
632 1024 777 1104 nimirum,
797 1040 922 1099 corpora
940 1041 1031 1082 oaeoa
1195 1022 1289 1079 Ι277
1328 1057 1333 1066 ·

324 1127 416 1184 quare
435 1111 525 1170 etiam
543 1116 633 1185 atque
652 1110 740 1169 etiam
759 1114 827 1169 snut
844 1109 927 1168 venti
945 1125 1069 1182 corpora
1086 1125 1176 1166 oaeoa
1193 1107 1207 1164 Ι
1226 1105 1288 1164 295

323 1194 464 1270 temporis
490 1197 520 1254 in
549 1200 657 1272 punoto
687 1213 783 1254 rerum
816 1195 974 1254 simulacra
990 1193 1124 1253 ferantur
1200 1192 1241 1251 IV
1262 1192 1322 1250 164
1436 1231 1440 1237 -

323 1297 400 1339 nuno
418 1298 484 1359 age,
505 1300 593 1356 quam
612 1281 701 1340 celeri
719 1287 799 1341 motu
1198 1279 1240 1335 IV
1261 1279 1321 1334 176

324 1384 411 1440 quam
432 1367 522 1426 eeleri
539 1372 620 1428 motu
658 1384 756 1426 rerum
1200 1363 1241 1422 IV
1260 1363 1323 1420 210

322 1469 400 1510 nuno
419 1469 454 1512 ea
473 1471 549 1527 quae
568 1452 633 1512 dieo
990 1449 1125 1510 seruntur
1199 1449 1240 1507 IV
1259 1449 1320 1506 239

322 1555 400 1595 nunno
420 1555 497 1612 quae
515 1539 665 1599 mobilitas
683 1538 721 1596 sit
738 1537 856 1598 reddita
874 1537 1009 1598 materiai
1023 1531 1026 1616 1
1041 1535 1213 1610 corporibus
1230 1534 1259 1591 Ii
1280 1535 1340 1592 142

322 1626 353 1682 11
676 1623 742 1682 ollis
765 1623 951 1683 tranantibus
978 1639 1065 1682 auras
1079 1617 1081 1703 1
1096 1620 1214 1680 reddita
1244 1620 1282 1680 sit
1306 1614 1406 1699 (simu-

1099 1701 1201 1786 laoris)
1218 1705 1260 1765 IV
1280 1707 1339 1762 177

321 1797 422 1852 111111
440 1792 477 1852 (11
496 1811 605 1868 genere
623 1793 680 1853 boe
698 1799 830 1854 monstra
847 1812 883 1853 ae
900 1797 1037 1870 portentu
1055 1794 1213 1868 loquontur
1230 1791 1271 1850 IV
1289 1790 1354 1848 590

546 1907 549 1912 ·
1053 1879 1175 1938 oreabat
1246 1875 1362 1936 V845.

277 1964 332 2022 His
349 1962 475 2022 adnecto
494 1961 567 2022 duas
585 1963 793 2042 repetitiones,
813 1981 889 2038 quae
907 1968 1011 2024 neutro
1028 1965 1093 2023 loeo
1110 1962 1309 2041 requiruntur,
1328 1968 1405 2021 utro-

278 2065 336 2124 que
354 2053 453 2107 tamen
471 2053 558 2124 aptae
577 2054 660 2108 suut:

320 2151 451 2209 sanetius
469 2155 499 2209 et
516 2152 606 2209 multo
626 2155 708 2210 oerta
726 2152 840 2210 ratione
859 2151 955 2227 magis
973 2170 1061 2227 quam

319 2234 428 2312 Pythia
446 2253 522 2310 quae
539 2234 651 2311 tripodi
669 2256 687 2295 a
704 2236 819 2295 Phoebi
835 2238 979 2312 lauroque
996 2236 1147 2312 profatur:
1223 2277 1229 2286 .

276 2338 350 2396 ital
369 2338 441 2396 7381
461 2338 478 2394 9
498 2342 586 2412 poeta
603 2337 793 2414 philosophos
812 2339 954 2414 quosdam
980 2339 1052 2399 dieit
1076 2344 1225 2414 tamquam
1251 2356 1289 2397 ex
1311 2335 1401 2412 adyto

276 2421 373 2482 oordis
390 2440 533 2497 responsa
552 2423 686 2502 dedisse,
709 2442 805 2500 neque
822 2424 917 2483 miuus
936 2426 1086 2484 eommode
1112 2443 1289 2500 quamquam
1313 2425 1402 2483 auda-

277 2509 338 2567 oius
355 2508 382 2567 V
403 2510 473 2567 111.
495 2511 533 2567 12
552 2525 585 2568 11
603 2509 697 2583 ipsum
716 2510 758 2569 ait
775 2509 899 2569 fundere
918 2509 991 2571 fata.

275 2611 483 2771 Vtiblifflluas
505 2693 603 2755 fundit
621 2695 722 2772 digitis
740 2699 857 2772 pulsata
878 2701 1033 2757 canentum

276 2796 389 2856 duobus
406 2797 480 2856 loeis
498 2792 551 2878 (IV
570 2797 643 2878 585,
660 2799 687 2858 V
708 2793 803 2881 1385)
829 2800 941 2860 eisdem
967 2800 1066 2860 verbis
1093 2781 1212 2878 „duleis
1234 2797 1402 2876 querellas“

275 2881 471 2956 subiungitur.

275 2983 420 3043 Versuum
438 3001 527 3058 porro
544 2985 586 3044 IV
609 2986 733 3044 leo—2
746 2987 841 3047 :IV
860 2987 1005 3045 909-11

318 3069 478 3129 suavidicis
495 3070 594 3145 potius
613 3090 700 3146 quam
719 3073 817 3131 multis
835 3073 970 3134 versibus
989 3073 1090 3152 edam3

317 3172 427 3228 parvus
445 3160 478 3214 ut
498 3159 543 3215 est
561 3158 646 3232 oyeui
664 3157 768 3217 melior
786 3176 885 3236 canor,
905 3159 955 3218 ilie
974 3177 1079 3234 gruum
1098 3178 1185 3235 quam

317 3241 428 3298 elamor
444 3241 478 3298 in
495 3240 636 3301 aetheriis
654 3243 806 3318 dispersus
824 3244 951 3304 nubibus
969 3245 1061 3304 austri

274 3341 332 3400 duo
350 3340 466 3415 quidem
481 3343 662 3416 posteriores
675 3349 800 3420 utroque
817 3345 881 3405 ioco
901 3347 994 3405 omitti
1012 3353 1149 3427 possunt,
1169 3333 1286 3425 utrique
1301 3356 1399 3412 tamen

274 3444 326 3486 eos
343 3427 456 3500 pariter
474 3429 632 3487 convenire
650 3448 708 3488 non
727 3434 772 3490 est
793 3432 873 3504 quod
893 3430 997 3491 dicam.

273 3529 373 3589 Verba
390 3526 517 3604 denique

316 3618 418 3673 noctes
436 3619 525 3690 atque
544 3616 607 3676 dies
626 3617 680 3676 niti
697 3623 869 3693 praestante
887 3620 989 3680 labore

317 3697 356 3766 ad
373 3715 502 3760 summas
521 3719 673 3777 emergere
692 3720 772 3783 opes,

274 3820 351 3878 quae
375 3802 486 3862 11162.
507 3804 526 3860 3
546 3805 686 3864 orationis
703 3809 851 3866 structura
869 3807 1049 3886 retinentur,
1075 3808 1103 3865 11
1125 3809 1173 3868 12.
1200 3810 1238 3868 13
1258 3829 1315 3870 nna
1333 3829 1398 3871 oum

273 3888 326 3967 eis,
348 3905 424 3962 quae
441 3890 565 3947 alterum
584 3907 700 3950 versum
719 3893 848 3970 explent,
868 3910 1043 3971 „rerumque
1054 3893 1164 3966 potiri“
1184 3893 1263 3954 iaoili
1280 3898 1397 3972 quidem
1509 3966 1513 3976 Ι

273 3990 365 4048 opera
384 3973 513 4033 sednon
531 3975 586 4034 nisi
604 3981 669 4037 arte
688 3976 789 4036 oritioa
807 3981 976 4051 contempta
993 3978 1142 4038 tollantur.

357 4075 574 4154 Repetitiones,
604 4095 677 4152 quas
705 4079 805 4155 attuli,
835 4079 977 4158 molestiis
1007 4086 1124 4159 carent,
1154 4099 1231 4140 nuno
1255 4084 1398 4142 subiciam

272 4177 391 4238 paneas,
412 4178 489 4235 qnae
506 4162 561 4221 etsi
579 4163 733 4223 offensioni
755 4181 821 4223 esse
843 4163 956 4238 possint
974 4169 1072 4224 tamen
1096 4185 1254 4242 numquam
1272 4174 1397 4228 vexatae

272 4249 350 4304 sunt.
390 4245 437 4306 Ita
453 4247 503 4306 vel
520 4247 663 4308 formulae
680 4249 827 4308 interdum
846 4249 940 4307 miuus
958 4257 1095 4311 aoourate
1112 4257 1269 4326 ponuntur.
1300 4256 1398 4314 Verba
