3198 4938
686 353 857 415 ..37-

207 543 274 586 cum
300 529 464 606 „mutatum
488 522 569 587 exit“
596 525 640 586 ita
664 528 815 604 acciperet
840 531 925 605 quasi
947 530 1019 608 quid
1035 536 1178 595 mutatum
1197 552 1213 593 e
1231 533 1338 595 linibus

207 616 310 688 posset
334 630 392 672 non
422 611 521 690 exire,
546 611 599 672 sed
626 611 725 693 „quod
750 619 879 676 mutatur
903 615 1090 698 dissolvitur,
1116 618 1218 680 interit
1244 619 1337 697 ergo“

207 693 264 778 (ΠΙ
284 693 369 781 756).
420 697 489 758 Alia
513 699 649 774 exempla
670 700 820 776 participii
837 701 1023 764 abundanter
1041 705 1170 781 appositi
1188 706 1338 782 congessit

207 782 412 864 Kraetsohius,
431 785 469 845 de
487 783 650 845 abundanti
668 783 786 847 dicendi
804 804 915 863 genere
934 788 1113 851 Lucretiano
1134 791 1232 852 Berol.
1254 794 1335 852 1881

325 991 374 1033 vv.
392 973 422 1032 11
440 971 587 1032 749-56
607 967 771 1052 (750-54
788 980 819 1034 et
837 975 877 1034 56
896 999 935 1030 e:
955 977 969 1034 1
989 977 1136 1038 789-93
1155 985 1185 1040 et
1203 973 1258 1062 97)

251 1058 345 1118 omnis
363 1059 441 1120 enim
460 1061 541 1119 color
558 1059 676 1119 omnino
694 1064 824 1120 mutatur
841 1061 878 1122 in
896 1061 991 1122 omnis
1009 1057 1076 1144 (pro
1091 1063 1180 1144 „et“:
1201 1064 1337 1149 Lachm.)

249 1145 329 1220 quod
345 1143 445 1206 lacere
463 1143 544 1206 haud
561 1145 620 1204 ullo
639 1146 748 1206 debent
765 1146 927 1222 primordia
946 1153 1044 1223 pacto.

248 1230 431 1293 immutabile
449 1231 527 1292 enim
545 1229 685 1306 quiddam
703 1250 845 1308 superare
867 1239 1028 1311 necessest,

249 1334 287 1376 ne
304 1333 354 1377 res
371 1317 411 1377 ad
427 1317 519 1398 nilum
536 1315 711 1392 redigantur
728 1317 861 1379 funditus
879 1335 998 1379 omnes:

248 1419 315 1462 nam
334 1403 555 1479 quodcumque
574 1403 635 1462 suis
654 1448 661 1463 .
682 1407 708 1463 .‘

248 1488 385 1548 continuo
402 1487 460 1548 hoc
477 1505 556 1548 mors
575 1493 621 1550 est
639 1533 647 1548 .
667 1533 674 1548 .

248 1574 373 1650 proinde
390 1576 489 1636 colore
507 1591 580 1635 cave
598 1573 754 1650 contingas
772 1575 886 1635 semina
902 1593 1011 1656 rerum,

248 1677 285 1720 ne
301 1660 357 1722 tibi
374 1679 422 1722 res
441 1659 567 1721 redeant
584 1662 623 1720 ad
643 1661 735 1721 nilum
752 1659 885 1722 funditus
903 1678 1014 1722 omnes.

205 1764 267 1825 Hos
293 1782 341 1824 vv.
367 1762 425 1824 (in.
452 1782 471 1822 a
499 1762 637 1823 Lucretio
669 1763 782 1824 alienos
813 1767 927 1842 putat,
947 1763 1056 1838 quiae
1084 1785 1131 1827 vv.
1163 1768 1333 1826 799-807

205 1851 319 1910 eluceat
342 1867 401 1910 non
424 1849 531 1909 mutari
555 1867 604 1909 res
628 1849 791 1910 mutatione
815 1852 954 1909 colorum.
1005 1849 1046 1911 nt
1067 1851 1130 1912 illie
1151 1853 1223 1913 dicit
1244 1858 1334 1928 poeta

105 1951 107 1955 ’
203 1937 317 1995 colores
336 1953 409 1996 non
427 1935 510 1995 sine
527 1935 637 1995 lumine
654 1932 728 2014 fieri,
746 1935 894 1996 interdum
909 1935 974 2009 ipso
993 1953 1028 1996 eo
1046 1939 1171 2018 mutari3
1184 1956 1249 2010 ¹non
1262 1938 1333 1997 dicit

204 2039 255 2082 eos
273 2022 335 2082 solo
353 2021 462 2080 lumine
480 2021 593 2092 lieriet
609 2021 727 2080 mutari.
772 2021 840 2080 Non
861 2020 953 2096 igitur
969 2028 1084 2098 pugnat
1100 2023 1150 2084 ille
1167 2025 1249 2084 locus
1267 2041 1333 2084 cum

201 2106 268 2186 hoe,
298 2124 356 2182 quo
381 2106 548 2166 ostenditur
576 2104 640 2166 lore
665 2110 699 2165 ut
723 2109 908 2169 mutarentur
932 2105 1103 2188 primordia,
1132 2110 1159 2169 si
1184 2111 1266 2170 color
1289 2108 1332 2169 eis

202 2193 335 2254 redditus
365 2195 461 2271 esset,
497 2209 594 2268 neque
625 2192 742 2252 omnino
774 2193 817 2252 ibi
841 2227 883 2234 —
907 2191 939 2250 id
968 2195 1047 2266 quod
1075 2195 1154 2255 idem
1183 2194 1239 2255 Gn.
1270 2195 1333 2270 opi·

202 2283 291 2339 natur
315 2312 357 2322 -
380 2295 502 2355 prorsus
526 2279 629 2338 eadem
654 2296 702 2338 res
724 2282 878 2338 tractatur.
897 2312 938 2319 —
956 2278 991 2337 In
1008 2282 1029 2340 l.
1047 2280 1063 2339 1
1079 2285 1180 2341 tamen
1197 2280 1248 2341 ubi
1265 2280 1356 2355 illos,

203 2385 250 2424 vv.
270 2361 297 2446 (Ι
316 2365 376 2423 789
396 2360 476 2446 sqq.)
494 2363 604 2439 requiri
622 2363 719 2439 quivis
737 2365 881 2442 concedit,
900 2365 991 2425 antea
1012 2368 1108 2426 locum
1127 2366 1331 2445 obtinuerunt3

202 2452 337 2527 primitus
355 2455 452 2511 antem
470 2469 518 2509 vv.
537 2450 551 2507 1
569 2451 632 2508 670
651 2468 716 2525 sqq.
735 2450 839 2526 scripti
855 2451 1002 2510 videntur.

288 2538 334 2595 De
351 2554 380 2595 v.
398 2537 413 2594 Ι
433 2537 494 2595 757
512 2536 594 2595 nulla
612 2540 710 2596 exstat
727 2535 883 2596 dubitatio.

287 2623 393 2682 Restat
415 2641 443 2682 v.
467 2621 496 2680 11
522 2623 585 2680 864
606 2615 660 2702 (=
685 2622 780 2680 1673
808 2641 847 2672 =
873 2623 968 2680 1797
994 2641 1033 2672 -·
1056 2623 1086 2681 11
1106 2617 1199 2703 756);
1218 2620 1255 2681 de
1274 2638 1332 2697 quo

203 2706 240 2768 cf.
259 2727 309 2784 pg.
328 2709 368 2766 41
388 2725 453 2782 sqq.

287 2810 327 2870 VI
345 2808 493 2868 383-85
514 2829 552 2859 =
572 2809 614 2868 VI
632 2808 759 2867 87-89

323 2912 382 2954 non
401 2899 472 2955 est.
493 2939 500 2954 .
518 2893 629 2954 indicia
646 2896 779 2954 occultae
798 2893 897 2955 divum
915 2895 1088 2970 perquirere
1106 2895 1223 2973 mentis,

244 2983 304 3040 383
325 2979 404 3040 unde
421 2982 526 3040 volans
543 2980 622 3056 ignis
639 2980 810 3055 pervenerit
828 2986 879 3040 aut
896 2981 927 3038 in
944 2985 1041 3040 utram
1059 2997 1092 3040 se

253 3120 255 3124 .
324 3067 448 3126 verterit
464 3066 534 3125 hinc
551 3065 669 3143 partim,
689 3081 747 3141 qno
767 3070 856 3141 pacto
874 3082 929 3141 per
948 3066 1014 3124 loca
1032 3072 1136 3142 saepta

244 3153 305 3211 385
324 3151 492 3230 insinuarit,
511 3157 541 3212 et
558 3150 628 3210 hinc
647 3151 814 3212 dominatus
832 3155 865 3210 ut
883 3151 1022 3211 extulerit
1040 3167 1082 3232 se,

326 3237 436 3313 quidve
452 3255 561 3297 nocere
580 3243 670 3312 queat
687 3236 724 3296 de
743 3237 825 3296 caelo
844 3235 974 3296 fulminis
995 3237 1084 3296 ictus.

324 3318 442 3403 (Neum.
464 3325 503 3380 17
521 3341 598 3400 sqq,
625 3322 682 3382 Gn.
703 3324 743 3381 78
762 3340 818 3401 sq,
844 3323 899 3382 To.
920 3321 993 3402 551,
1018 3323 1069 3382 Br.
1087 3324 1174 3383 Burs.
1193 3323 1330 3385 Jahresb.

327 3410 408 3468 1876
431 3409 460 3468 11
480 3409 550 3468 186.
569 3404 611 3486 7).

285 3513 341 3572 Vv.
359 3512 401 3571 VI
419 3512 545 3570 87-89
565 3511 708 3588 genuinos
728 3529 793 3572 esse
812 3516 937 3588 apparet
954 3530 992 3570 ex
1014 3511 1222 3590 disputatione,
1243 3530 1330 3587 quam

198 3597 313 3657 institui
330 3615 381 3673 pg.
402 3599 451 3657 14.
503 3597 564 3658 Sed
587 3598 752 3673 posteriore
774 3598 840 3657 loco
862 3597 925 3657 fere
943 3614 1045 3657 omnes
1062 3597 1265 3657 Neumannnm
1285 3615 1330 3657 se-

199 3683 260 3742 cuti
286 3700 337 3743 eos
364 3682 505 3743 delendos
530 3701 594 3743 esse
624 3684 820 3743 consentiunt.
875 3683 1031 3742 Neminem
1061 3683 1137 3742 enim
1166 3684 1268 3743 dicunt
1299 3683 1329 3741 in

200 3768 363 3845 Tyrrhenis
388 3768 471 3829 libris
497 3768 696 3847 quaesivisse,
723 3768 803 3828 unde
827 3769 906 3842 ignis
929 3768 1100 3844 pervenerit
1125 3773 1154 3828 et
1180 3770 1209 3827 in
1234 3773 1329 3828 utram

199 3858 315 3930 partem
328 3870 361 3914 se
372 3853 496 3914 verterit
508 3857 588 3933 cett,
608 3852 662 3913 sed
679 3854 751 3929 quid
767 3854 827 3912 illis
846 3855 934 3914 rebus
947 3853 1111 3933 indicetur3
1130 3871 1226 3929 neque
1238 3853 1330 3929 igitur

199 3959 247 4000 vv.
267 3941 415 4000 383-85
434 3941 472 4000 ab
491 3941 595 4000 eodem
612 3939 803 4015 perquirendi
821 3942 912 4001 verbo
934 3934 1023 4021 (382)
1046 3957 1133 4014 posse
1150 3939 1291 4018 pendere,
1310 3959 1329 3999 a

199 4043 256 4101 quo
284 4025 415 4103 pendeat
444 4045 473 4085 v.
503 4027 575 4086 386.
631 4027 758 4100 Propter
785 4024 962 4100 particulam
992 4022 1069 4104 „ve“
1099 4029 1198 4085 antem
1222 4025 1328 4085 Neum.

198 4112 365 4188 suspicatus
400 4111 519 4172 videtur
553 4113 643 4173 talem
674 4127 792 4171 versum
828 4113 866 4172 ab
901 4110 967 4185 ipso
999 4110 1097 4171 lictum
1131 4111 1191 4171 illis
1226 4111 1328 4186 expul-

198 4215 262 4258 sum
280 4215 360 4259 esse:

242 4301 315 4380 quid
332 4302 389 4364 sibi
410 4296 513 4385 (cibit)
534 4300 689 4379 praedicat
710 4297 801 4361 fausti
822 4299 868 4360 vis
886 4297 1042 4376 splendida
1059 4299 1122 4362 teli.
