3198 4938
707 315 908 376 1-44-

391 488 467 548 Γαΐα
485 492 606 566 μεγίστη
627 487 677 547 καί
700 483 771 558 Διὸς
789 485 904 568 Alere,

387 566 404 631 ὀ
425 575 479 649 μὲν
501 567 676 654 ἀνθρώπων
697 575 748 634 καί
769 571 853 634 θεῶν
874 577 1009 654 γενέτωρ,

388 655 404 732 η
399 653 455 718 d’
479 654 650 741 ὑγραβόλανς
671 656 815 736 σταγόνας
837 665 935 728 νοτίας

387 741 615 825 παραδεξαμένη
635 753 726 804 τίκτεν
746 743 928 820 θνητούς,

388 836 479 890 τίκτεν
501 827 533 891 δὲ
534 826 645 932 βορὰν
667 827 750 908 φῦλά
771 851 800 890 τε
819 828 938 910 θηρῶν·

390 909 568 977 ὁθενοῦν
590 911 737 987 αδίττως

387 989 513 1080 μητηρ
528 1000 676 1062 πάντων
697 1001 937 1080 νενόμισται.

388 1083 529 1166 χωρεῖθ’
555 1083 652 1148 ὀπίσω
978 1139 980 1144 ,

387 1169 424 1233 τά
445 1175 501 1250 μὲν
522 1173 553 1236 ἐκ
574 1179 661 1250 γαίας
682 1169 764 1252 φύντ’
788 1171 832 1241 τίς
854 1175 948 1248 γαῖαν,

388 1253 518 1320 τάδ”
498 1260 550 1318 crr'
573 1259 712 1339 αἰθερίαν
755 1255 899 1318 λαστόντα
922 1258 1006 1334 γονῆς

388 1343 432 1415 εἷς
440 1339 585 1444 οὐράνιον
607 1342 697 1404 πάλιν
720 1347 797 1420 ηλθε
820 1341 924 1404 πόλον·

388 1421 519 1526 θνησνεν
535 1427 562 1490 d
586 1425 671 1490 οὐδὲν
691 1429 750 1490 τῶν
772 1434 959 1506 γιγνομένων,

389 1503 609 1621 διακρινόμενον
631 1511 658 1575 δ’
680 1511 752 1576 ἄλλα
771 1511 848 1597 πρὸς
868 1511 960 1576 ἄλλον

388 1623 508 1682 μορφην
525 1601 625 1682 ἑτέραν
641 1598 796 1676 ἐπέδειξεν.

348 1774 407 1834 Sed
445 1778 629 1836 transeamus
663 1774 702 1834 ad
737 1776 861 1836 alterum
895 1775 1000 1852 locum,
1041 1784 1098 1848 quc
1133 1773 1208 1834 haec
1246 1774 1392 1835 sententia

260 1861 403 1920 recurrit:

349 1945 504 2006 V795.6

304 2031 447 2107 linquitur
471 2037 503 2092 ut
519 2030 625 2091 merito
643 2036 807 2091 maternum
825 2048 931 2090 nomen
953 2031 1065 2106 adepta

303 2123 385 2178 terra
404 2117 452 2196 sit,
476 2136 492 2177 e
514 2123 594 2177 terra
616 2118 754 2192 quoniam
772 2122 840 2177 sunt
859 2121 965 2176 cuncta
983 2121 1093 2176 create.

260 2205 358 2262 Hivv
318 2203 503 2281 vv,quibus
524 2202 580 2262 Gn.
605 2220 730 2278 eumque
756 2209 874 2264 secutus
899 2203 955 2262 Το.
975 2202 1281 2280 „argumentationem
1298 2204 1388 2264 inter-

260 2287 377 2364 rumpi“
402 2293 532 2367 censent,
551 2287 794 2349 antecedentibus
810 2289 923 2348 duobus
941 2307 1036 2364 paene
1053 2288 1182 2364 flagitari
1199 2288 1272 2348 mihi
1288 2288 1391 2349 viden-

260 2379 317 2434 t.ur
337 2374 454 2434 Etenim
473 2379 637 2453 „terram
656 2392 721 2434 esse
739 2379 863 2434 matrem
881 2391 989 2474 rerum,
1008 2393 1066 2434 non
1084 2392 1165 2434 mare
1184 2378 1235 2434 aut
1246 2374 1390 2456 caelum“,

261 2459 340 2536 quod
359 2459 583 2520 confirmaretur
600 2478 690 2520 causa
707 2466 772 2520 erat
789 2462 880 2538 nulla,
899 2461 1037 2535 queniam
1055 2463 1153 2519 terrae
1171 2461 1276 2520 nctio
1267 2480 1298 2520 m
1309 2421 1392 2522 ante·

262 2546 369 2606 cedent
369 2547 477 2606 ibus'
453 2565 517 2606 sune
535 2547 595 2605 ulla
613 2547 643 2605 vi
660 2548 778 2623 ponitur
795 2541 916 2628 (dicitur
934 2547 991 2604 ite:
1022 2545 1182 2621 primum
1199 2551 1310 2606 terram
1328 2565 1391 2608 sus·

260 2633 364 2692 tulisse
381 2632 524 2692 herbas
542 2632 810 2711 virgultaque,
828 2631 918 2690 inde
935 2631 1012 2690 loci
1030 2632 1210 2691 mortalia
1226 2629 1390 2716 saecla);

261 2718 314 2778 sed
332 2719 357 2777 si
375 2717 495 2777 additur
512 2735 591 2796 „non
612 2720 725 2777 caelum
741 2722 792 2778 aut
810 2735 891 2776 mare
902 2735 951 2776 res
962 2714 1167 2796 procreasse“,
1186 2723 1391 2793 exspectamus

262 2805 351 2863 etiam
379 2807 412 2863 ut
440 2803 509 2862 inde
539 2803 730 2863 concludatur
759 2810 887 2882 „terra
914 2802 1006 2878 igitur
1033 2806 1128 2862 mater
1157 2807 1202 2863 est
1215 2799 1248 2886 ¹).
1301 2804 1390 2865 Cuius

258 2890 426 2950 sententiae
444 2888 567 2948 formam
587 2888 749 2968 „linquitur
766 2891 799 2948 nt
820 2893 902 2948 terra
920 2887 1056 2948 meritc
1075 2895 1238 2949 maternum
1256 2907 1390 2950 numen

258 2977 408 3051 adepta
425 2971 495 3034 sit“
515 3008 557 3018 -
574 2976 605 3033 in
623 2992 683 3050 qua
701 2974 758 3034 Gn.
778 2973 900 3034 offendit
919 2974 1045 3034 —satis
1064 2973 1183 3034 defendi
1202 2980 1273 3050 putc
1293 2975 1390 3055 simili,

262 3079 340 3137 quae
359 3065 456 3121 exstat
473 3061 514 3121 IV
536 3061 598 3119 160

257 3188 461 3199 —————

347 3245 382 3299 89
399 3245 430 3298 ld
451 3243 521 3311 qued
539 3241 625 3298 nostri
643 3243 746 3298 caelum
754 3246 921 3324 memorant,
946 3241 1010 3296 Grai
1027 3243 1171 3310 perhibent
1188 3244 1346 3298 aethera·

347 3313 383 3367 90
400 3259 532 3434 (ἐθαίᾱηαίᾱ
553 3315 596 3366 est
612 3313 671 3378 hoc,
690 3311 779 3366 omnic
797 3311 900 3365 animat
915 3283 1015 3368 ⁵formet
1031 3311 1081 3366 elit
1097 3316 1178 3394 auget
1196 3316 1271 3367 creat

349 3379 504 3504 ἓὲῗιρριαϋι
521 3380 670 3448 recipitque
688 3381 717 3434 iu
734 3395 793 3434 sese
811 3379 909 3438 omnia.
927 3379 1096 3460 omniumque
1113 3379 1184 3435 idem
1201 3385 1244 3435 est
1259 3385 1346 3449 peter,

454 3449 524 3503 dem
542 3449 636 3503 eadem
652 3464 737 3517 aeque
753 3447 876 3503 oriuntur
894 3447 927 3502 de
945 3448 1390 3518 integroatqueeodemcccidunt

258 3519 313 3572 ut
306 3534 335 3572 ru
352 3535 391 3572 vv.
409 3518 532 3573 Lucretii
550 3517 574 3571 V
592 3518 643 3572 318
661 3533 725 3586 sqq,
744 3519 789 3586 qui
807 3517 859 3572 illis
878 3515 978 3572 similes
996 3521 1098 3586 sunt„
1102 3519 1218 3573 caelum“
1236 3519 1291 3573 sive
1314 3523 1388 3582 ,αδτ“

258 3585 436 3656 significatum
455 3603 534 3655 quem
551 3585 617 3641 dicit
633 3557 772 3654 Pacuvius,
790 3590 874 3654 negat
891 3586 1034 3641 Lucretius
1052 3587 1142 3642 omnia
1159 3603 1271 3643 creasse.
1289 3586 1391 3656 (Aliter

259 3657 342 3710 etiem
363 3657 485 3721 „⁶⁴aether
505 3654 675 3724 accipiendus
692 3655 761 3711 est'
751 3671 781 3710 1n
797 3655 907 3710 Pacuvii
924 3654 1017 3738 fragm.
1036 3656 1088 3710 VH
1105 3657 1224 3711 eiusdem
1241 3656 1348 3711 fabulae

307 3740 330 3778 r
349 3698 383 3780 e”3
400 3727 490 3780 Mater
506 3730 550 3780 est
566 3729 654 3779 terra:
672 3737 705 3780 ee
720 3726 793 3792 parit
810 3740 906 3793 corpus
922 3723 1039 3778 animem
1056 3729 1132 3779 aeter
1149 3726 1266 3793 adiungat,

259 3809 310 3862 qno
328 3812 351 3849 v.
370 3799 426 3850 αδε
443 3794 495 3849 dici
511 3793 617 3848 videtur
633 3795 756 3862 genuisse
774 3793 858 3849 solam
875 3793 1012 3859 animem)

346 3863 425 3946 1)ci.
444 3864 470 3916 Π
488 3863 557 3917 1150
575 3878 644 3930 sqq:
927 3862 1009 3916 tellus

311 3932 356 3987 vix
373 3931 499 4055 ffmalia
515 3947 596 4000 parre
613 3933 694 3998 meat,
712 3946 779 3998 quae
799 3935 895 3986 cuncte
912 3930 1012 4028 creavit

313 4018 374 4056 saec

313 4070 392 4136 haud,
410 4067 561 4137 mopinot,
580 4067 652 4122 enim
669 4067 793 4122 mortalia
809 4068 898 4123 saecla
914 4082 1031 4136 superne

314 4153 395 4194 aurea
412 4138 446 4193 de
464 4138 538 4193 caelu
556 4135 663 4192 demisit
679 4136 775 4190 funis'
766 4152 796 4189 1u
812 4152 883 4203 arva,

314 4224 365 4263 nec
382 4223 456 4260 mare
473 4222 525 4261 uec
542 4205 638 4260 flnctus
655 4205 809 4274 plangentis
827 4221 892 4260 saxa
909 4207 1043 4271 crearunt,

315 4277 377 4334 sed
394 4275 516 4346 gennit
532 4275 638 4329 tellus
656 4274 750 4328 eadem
767 4289 835 4343 quae
852 4290 924 4328 nunc
940 4273 989 4328 alit
1007 4289 1041 4327 ex
1058 4289 1095 4328 se
