3198 4938
715 289 887 382 -560—

320 459 350 516 6.
369 458 456 518 Lucr.
476 459 505 517 11
524 459 585 516 292
604 458 762 535 legendum
781 459 918 518 videtur:

545 545 598 604 sed
616 563 654 604 ne
670 562 754 605 mons
771 546 838 620 ipsa
854 562 1008 606 necessum

276 630 445 689 intestinum
464 627 573 690 habeat
601 675 636 690 ..
657 674 665 689 .
694 635 724 690 et
741 631 859 691 devicta
883 633 968 707 qnasi
993 626 1079 711 („id‘
1098 632 1219 691 Lachm.
1239 630 1368 716 addidit)

999 721 1123 792 cogatur
1140 717 1218 777 ferre
1235 720 1366 795 patique,

276 798 413 859 officit
439 794 564 883 (obiicit)
588 802 727 877 exiguum
752 803 898 862 clinamen
920 804 1130 879 principiorum
1156 799 1296 884 (traditur
1314 806 1366 882 „id

1266 886 1366 972 fulta)

319 1026 347 1083 7.
367 1025 474 1086 Plotio.
492 1025 570 1085 Eun.
593 1026 678 1104 111,
703 1027 721 1084 6
747 1023 812 1085 ἐπεὶ
834 1025 884 1083 καὶ
905 1019 938 1083 τὰ
962 1019 1072 1082 πυκνὸν
1095 1025 1137 1106 τῷ
1154 1025 1258 1129 χρυσῷ
1280 1018 1367 1088 sidau

179 1133 181 1143 ’
232 1105 295 1169 dm
317 1098 506 1190 προσγίνεται
525 1106 559 1169 οὐ
581 1109 633 1185 γῆς
652 1115 879 1188 προσγινομένης
906 1104 984 1169 ἀλλὰ
1006 1131 1181 1184 ποκνοτητος
1210 1135 1226 1185 p
1253 1108 1366 1186 ποξεοις

189 1239 191 1244 .
232 1196 354 1254 verbnm
376 1216 490 1277 χροοιο,
520 1197 602 1255 cuius
620 1198 686 1257 loco
704 1196 862 1272 suspiceris
881 1196 1082 1271 reponendum
1101 1215 1167 1256 esse
1189 1195 1365 1281 κρυστάλλῳ

232 1277 321 1361 (Plat.
340 1282 417 1342 Tim.
436 1281 477 1340 59
479 1277 560 1364 ,.E),
579 1283 693 1342 servari
711 1287 809 1358 potest
827 1278 917 1362 (Plat.
937 1282 1013 1341 Tim.
1032 1281 1072 1340 59
1075 1279 1209 1363 AB..)

318 1421 347 1478 8.
366 1419 473 1480 Plotin.
487 1419 561 1478 Eun.
575 1420 589 1476 I
608 1421 637 1496 8
656 1419 676 1476 4
694 1418 869 1524 recipienda
883 1423 929 1478 est
947 1419 1093 1494 scriptura
1118 1419 1183 1478 cod.
1206 1420 1362 1479 Monacen-

232 1505 314 1566 sisG
333 1498 429 1563 οἷόν
413 1523 486 1582 φησι
503 1463 869 1586 1ουλωσι1μενοιμὲνῷ
887 1507 998 1580 πέφυκε
1018 1501 1108 1564 κακία
1133 1504 1229 1580 ψυχῆς
1257 1509 1363 1580 ἐγγίνε-

232 1595 326 1662 οθοι;
349 1591 403 1651 sed
421 1592 499 1650 notio
517 1591 601 1651 verbi
619 1561 857 1662 δουλωσάμενοι
862 1595 892 1649 et
918 1595 1066 1650 structura
1089 1591 1178 1650 totius
1197 1593 1363 1652 sententiae

231 1677 308 1736 aliae
333 1680 401 1736 sunt
423 1681 511 1752 atque
537 1677 612 1735 Ptat.
638 1676 766 1736 Phaedr.
792 1677 898 1734 256ss
923 1669 1141 1750 δουλωσάμενοι
1158 1679 1240 1761 μὲν
1229 1677 1256 1738 ὠ
1276 1699 1364 1735 xanta

232 1759 328 1840 ψυχῆς
350 1761 515 1840 ἐνεγίγνετο,
536 1779 622 1837 quem
642 1762 737 1822 locum
757 1762 833 1821 Plot'
813 1767 892 1822 tinus
910 1761 1060 1820 recordari
1082 1761 1209 1822 videtur.

316 1901 345 1958 9.
364 1900 452 1958 Lucr.
472 1917 530 1958 non
548 1898 621 1958 satis
637 1898 693 1958 sibi
711 1903 836 1974 constat,
856 1916 921 1957 cum
940 1899 1026 1957 docet
1044 1898 1084 1957 IV
1100 1899 1163 1956 834
1175 1918 1240 1974 sqq
1260 1900 1361 1979 „quod

231 1990 359 2046 natumst
383 1985 414 2043 id
436 1989 573 2060 procreat
597 2002 697 2062 usum,
724 2003 779 2043 nec
801 1983 856 2043 fuit
874 1988 944 2043 ante
962 1983 1063 2043 videre
1082 1987 1232 2044 oculorum
1253 1986 1364 2046 lumina

230 2069 351 2130 1111111111ιι
371 2076 439 2130 cett.
467 2075 498 2130 et
518 2072 542 2128 V
563 2070 645 2127 1028
665 2088 731 2145 sqq.
759 2071 891 2149 „utilitas
911 2070 1056 2145 expressit
1074 2071 1193 2129 nomina
1210 2089 1308 2131 rerum
1329 2116 1336 2130 .
1356 2117 1363 2132 .

276 2159 356 2215 1033
376 2157 467 2216 sentit
484 2157 560 2214 enim
580 2156 639 2214 vim
657 2157 783 2231 quisque
801 2175 884 2215 snam
903 2174 961 2230 quo
980 2155 1131 2230 adpossit
1149 2157 1241 2216 abuti.

376 2260 486 2322 cornua
504 2246 573 2300 nata
590 2242 674 2314 prius
689 2243 781 2301 vitulo
801 2259 888 2316 quam
908 2240 1054 2300 frontibus
1072 2247 1182 2320 extent,

249 2345 265 2378 τ’
375 2328 434 2388 illis
452 2327 545 2387 iratus
563 2327 639 2401 petit
658 2331 748 2402 atque
766 2327 894 2386 infestus
911 2324 1061 2401 inurget“.

231 2413 346 2473 Etenim
371 2418 421 2472 aut
444 2416 582 2488 procreat
604 2412 667 2489 vis,
693 2431 768 2488 quae
795 2411 934 2490 sentitur,
958 2413 1090 2471 membra
1117 2447 1153 2454 -
1182 2413 1213 2470 id
1239 2413 1318 2487 quod
1342 2432 1361 2471 a

230 2501 363 2559 doctrina
384 2499 504 2574 Epicuri
522 2497 661 2558 abhorret
683 2533 725 2542 —
748 2503 875 2559 autnon
898 2498 1031 2577 sentitur,
1055 2504 1214 2573 antequam
1231 2499 1363 2557 membra
1482 2499 1485 2506 '

230 2587 333 2662 genita
351 2589 429 2646 sunt.

319 2722 367 2779 10.
386 2721 525 2779 Lucretio
544 2720 702 2795 opprobrio
720 2720 894 2779 vertendum
914 2725 959 2780 est
982 2719 1061 2795 quod
1085 2720 1128 2778 111
1148 2721 1208 2777 717
1229 2739 1295 2796 sqq.
1320 2720 1362 2779 lo-

231 2809 329 2884 quitur
347 2807 432 2882 quasi
450 2806 583 2864 oriantur
600 2806 763 2864 animantes
782 2822 818 2863 ex
837 2807 944 2883 anima,
965 2825 1029 2865 cum
1051 2811 1149 2864 tamen
1165 2806 1194 2863 11
1216 2807 1276 2864 865
1296 2825 1360 2880 sqq.

230 2900 311 2955 recte
322 2892 455 2969 probarit
471 2909 508 2951 ex
519 2891 740 2952 insensibilibus
752 2891 904 2966 principiis
916 2893 1014 2950 omnia
1026 2897 1161 2951 constare
1174 2887 1224 2970 (cf.
1236 2893 1264 2950 II
1276 2887 1360 2972 928).
