3198 4938
704 319 873 379 -15-

225 493 405 552 Heraclitum
423 495 535 551 tantum
554 496 583 550 et
601 491 651 565 qni
666 496 786 566 praeter
804 508 869 548 eum
885 490 984 563 ignem
1001 489 1152 549 materiem
1170 505 1268 546 rerum
1287 503 1351 546 esse

225 581 398 656 voluemnt,
423 577 584 637 sedetiam
608 577 647 636 ad
665 577 739 634 alios
757 575 965 652 philosophos,
992 571 1155 648 dequibus
1180 579 1269 632 antea
1293 591 1352 631 non

226 664 348 723 dicitur:
369 669 572 741 „quapropter
590 663 640 734 qui
658 662 811 720 materiem
828 679 926 718 rerum
946 661 1044 734 ignem
1063 677 1128 719 esse
1146 662 1295 736 putarunt,
1316 703 1323 718 .
1344 703 1351 717 .

226 755 255 809 et
273 751 324 825 qui
341 757 412 808 aera
430 739 644 807 constituerunt
662 747 846 824 principium,
866 750 917 804 aut
933 746 983 821 qui
1002 763 1132 810 umorem
1147 749 1287 820 putarunt
1304 762 1352 803 res

176 831 179 834 ’
225 835 420 911 fingere...
448 851 467 890 a
491 850 561 891 vero
587 832 723 891 derrasse
747 828 915 890 videntur&
969 832 1002 888 In
1028 831 1128 890 Tohtii
1151 848 1221 888 vero
1244 830 1352 888 inclino
1404 911 1406 916 Ι

226 920 417 996 sententiam,
444 918 494 993 qui
511 937 559 976 vv.
579 917 748 976 635-704
772 921 875 992 postea
893 918 1020 975 insertos
1038 935 1103 976 esse
1126 920 1236 993 censet,
1263 919 1352 989 atque

227 1005 396 1064 Lucretium
422 1003 595 1062 crediderim
621 1005 651 1062 in
673 1003 862 1062 retractando
882 1002 1010 1061 carmine
1028 1021 1076 1062 vv.
1097 1003 1158 1061 705
1182 1019 1248 1075 sqq.
1267 1002 1353 1060 aliter

227 1086 270 1172 (iu
288 1089 365 1148 hunc
383 1089 507 1148 fortasse
525 1090 656 1148 modum:
676 1089 814 1163 quoniam
833 1089 881 1162 qui
901 1089 1000 1163 ignem
1019 1090 1233 1148 constituerunt
1245 1087 1352 1162 princi-

227 1176 322 1253 pium,
348 1175 547 1234 demonstravi
574 1183 718 1252 errasse,
733 1174 820 1232 etiam
838 1177 968 1251 ceteros,
996 1175 1046 1248 qui
1070 1192 1200 1234 umorem
1222 1179 1319 1232 adra.
1344 1217 1351 1231 .

227 1265 405 1338 posuerunt,
439 1262 538 1335 lapsos
571 1278 636 1319 esse
666 1253 835 1339 expediam)
868 1276 933 1317 cum
965 1260 1208 1320 antecedentibus
1233 1259 1352 1318 coniun-

226 1352 339 1407 cturum
359 1351 389 1405 et
407 1365 456 1404 vv.
477 1347 660 1422 782-802,
684 1345 734 1418 qui
752 1344 791 1403 ad
809 1345 951 1403 Heracliti
977 1344 1084 1419 dogma
1102 1347 1236 1423 redeunt,
1261 1344 1369 1404 fuisse

227 1437 414 1492 mutatumm.
445 1463 487 1473 —
516 1431 579 1489 Hac
605 1430 720 1489 ratione
746 1431 818 1490 satis
841 1430 1005 1504 explicatur
1030 1431 1080 1505 qui
1105 1430 1215 1490 factum
1238 1431 1294 1508 sit,
1321 1436 1352 1489 ut

228 1536 320 1592 parvo
344 1517 499 1576 interiecto
516 1516 671 1575 intervallo
690 1516 721 1574 hi
741 1534 844 1576 versus
862 1521 1074 1590 repeterentur.

313 1628 379 1686 Non
398 1627 490 1686 maius
516 1628 643 1701 spatium
661 1627 819 1686 intercedit
843 1628 920 1685 inter
944 1645 992 1686 vv.
1011 1628 1131 1686 11478.
1151 1628 1222 1702 9et
1241 1628 1313 1687 522.
1325 1629 1351 1684 ·3

270 1713 503 1786 quodquoniam
522 1712 608 1771 docui
626 1728 748 1787 pergam
767 1718 921 1772 conectere
940 1730 1002 1771 rem
1023 1731 1099 1787 quae

269 1817 307 1858 ex
324 1798 380 1857 hoc
398 1803 469 1873 apta
486 1796 573 1857 fidem
592 1799 688 1875 ducat,
708 1799 868 1873 primordia
886 1817 983 1858 rerum
1003 1843 1010 1857 .
1030 1843 1038 1857 .

423 1877 493 1964 (Gn.
513 1886 563 1962 23,
582 1884 637 1943 Το.
657 1883 729 1962 545,
748 1884 798 1982 Br.
819 1879 904 1965 202).

226 1995 302 2054 Fere
336 2012 436 2052 omnes
466 1995 653 2055 consentiunt
678 2012 728 2054 eos
756 1993 889 2053 inferiori
918 1995 982 2054 loco
1013 1994 1248 2054 accommodatos
1278 2012 1352 2074 esse,

227 2080 366 2152 quoniam
384 2078 453 2137 inde
472 2081 550 2153 quod
568 2079 679 2138 formae
701 2081 926 2154 primordiorum
943 2079 1044 2139 finitae
1061 2097 1182 2140 numero
1201 2081 1259 2139 sint
1277 2075 1352 2160 (478

227 2159 355 2242 -521),
375 2181 556 2237 consequens
574 2165 613 2222 sit
630 2165 693 2224 sive
711 2163 796 2223 fidem
816 2165 904 2224 ducat
922 2165 1029 2224 similia
1050 2166 1211 2240 primordia
1229 2184 1293 2225 esse
1308 2167 1351 2225 in-

226 2248 308 2307 finita
326 2247 400 2330 (522
420 2245 516 2331 sqq.),
541 2251 692 2324 superiore
715 2255 813 2310 autem
836 2251 900 2309 loco
919 2268 969 2310 eos
984 2268 1050 2310 esse
1068 2251 1198 2330 ineptos,
1226 2252 1296 2325 quia
1315 2270 1351 2312 ex

226 2335 414 2394 antecedenti
430 2341 532 2412 parte,
559 2353 617 2409 qua
634 2335 777 2409 probatur
802 2336 1026 2410 primordiorum
1044 2336 1152 2412 figuras
1171 2355 1236 2398 esse
1255 2339 1350 2396 multi-

226 2438 333 2497 genas,
360 2425 523 2500 nonrecte
549 2419 754 2480 efficiatur
777 2420 936 2496 figurarum
962 2440 1112 2481 numerum
1138 2440 1203 2482 esse
1228 2422 1350 2484 finitum.

225 2507 265 2564 At
282 2506 307 2564 si
325 2507 490 2565 accuratius
508 2524 569 2565 rem
588 2507 807 2585 perpendimus,
826 2525 884 2566 non
902 2509 988 2567 ideo
1008 2509 1108 2582 quod
1125 2509 1349 2583 primordiorum

226 2589 337 2649 formae
354 2609 474 2649 numero
493 2591 591 2650 finitae
609 2597 685 2670 sunt,
701 2593 809 2651 similia
830 2597 897 2651 sunt
914 2591 1036 2671 infinita,
1056 2595 1110 2652 sed
1133 2612 1350 2668 quamquam

227 2674 367 2734 distantia
396 2675 554 2734 formarum
579 2676 660 2736 finita
685 2681 744 2754 est,
775 2678 882 2737 similia
906 2674 1030 2760 (tamen)
1055 2679 1168 2738 infinita
1192 2686 1271 2758 sunt,
1299 2686 1350 2740 aut

226 2754 316 2841 (deun
346 2757 440 2842 sonet)
469 2779 581 2820 summa
608 2763 749 2822 materiae
779 2761 861 2822 finita
886 2768 1052 2842 constaret,
1078 2765 1158 2824 sive:
1189 2766 1350 2841 primordia

222 2846 329 2904 similia
347 2851 415 2905 sunt
430 2864 551 2905 numero
570 2846 682 2907 infinita
701 2882 740 2891 -
760 2849 996 2924 quandoquidem
1023 2868 1135 2910 summa
1160 2853 1286 2911 omnium
1305 2853 1348 2910 in·

222 2929 304 2990 finita
322 2938 366 2991 est
385 2966 425 2974 —
450 2933 526 2991 nisi
548 2933 708 2992 varietates
733 2933 865 2994 infinitae
891 2941 958 2994 sunt
983 2936 1002 2995 i.
1022 2953 1048 2994 e.
1074 2937 1105 2995 si
1130 2937 1269 2997 distantia
1291 2937 1348 2996 for-

223 3034 334 3074 marum
351 3016 433 3075 linita
452 3023 506 3076 est.
547 3016 633 3090 Quod
652 3019 677 3078 si
694 3020 845 3097 probatur,
864 3039 938 3080 non
957 3021 1163 3096 colligitur
1181 3040 1222 3082 ex
1240 3028 1348 3082 ante-

225 3100 457 3160 cedentibus
480 3103 641 3176 primordia
659 3105 789 3163 eiusdem
807 3105 919 3165 formae
938 3124 1003 3166 esse
1021 3106 1144 3186 infinita,
1164 3109 1217 3167 sed
1235 3108 1349 3169 infinita

222 3188 299 3261 sunt,
319 3186 396 3263 quia,
414 3187 438 3244 si
453 3205 511 3245 non
528 3191 636 3266 essent,
655 3206 767 3247 summa
782 3192 922 3250 materiae
937 3191 1020 3250 finita
1036 3200 1184 3253 constaret
1199 3188 1285 3275 (527.
1305 3191 1347 3276 8).

221 3269 306 3328 Unde
326 3272 515 3344 consequitur
528 3291 639 3350 versus,
656 3275 810 3348 dequibus
830 3275 962 3356 dicimus,
982 3295 1019 3336 ne
1030 3279 1130 3352 priore
1149 3281 1267 3354 quidem
1282 3283 1347 3340 loco

223 3355 331 3414 debere
361 3355 528 3429 significare
563 3358 697 3437 „effici
728 3363 883 3436 sequentia
919 3381 956 3422 ex
985 3363 1264 3444 antecedentibus“,
1294 3367 1347 3426 sed

222 3457 309 3514 posse
335 3443 435 3501 valere
460 3448 548 3521 „apte
574 3447 688 3504 conecti
718 3465 800 3522 sequ.
827 3466 892 3506 cum
916 3447 1083 3509 anteced.“.
1119 3452 1183 3510 Hoc
1210 3452 1297 3512 modo
1322 3453 1346 3510 si

221 3526 444 3604 interpreteris,
469 3529 582 3587 molesti
608 3547 665 3589 non
690 3533 836 3594 videntur.
886 3535 962 3593 Nam
988 3553 1053 3594 cum
1083 3538 1245 3615 sententia,
1272 3556 1347 3614 quae

221 3617 310 3671 antea
332 3612 474 3687 probatur
500 3631 609 3692 „qnam
633 3617 812 3692 multigenae
838 3619 897 3678 sint
922 3620 1033 3679 formae
1059 3620 1251 3701 atomorum“,
1278 3629 1346 3698 apte

221 3699 385 3757 conectitur
403 3698 493 3758 haec:
520 3694 620 3781 „(sed)
638 3702 813 3762 varietatum
835 3723 972 3768 numerus
995 3725 1053 3764 non
1078 3712 1124 3768 est
1148 3706 1297 3768 infinitus“
1314 3705 1345 3790 ¹).
1366 3753 1378 3764 .

307 3986 335 4051 1)
352 3985 394 4037 Ita
410 4000 465 4038 non
483 4001 550 4054 opus
574 3987 679 4042 uidetur
702 4005 803 4057 ponere
822 3994 885 4045 ante
904 4009 927 4046 v.
946 3991 998 4048 478
1015 3993 1182 4048 intercidisse
1200 3995 1250 4050 hoc
1267 4011 1346 4064 argu-

220 4058 339 4106 mentum
365 4053 439 4117 „dass
464 4070 493 4107 es
524 4057 584 4110 eine
608 4057 714 4112 Grenze
737 4055 781 4112 fdr
804 4059 847 4113 die
866 4059 964 4115 Grdsse
987 4063 1034 4117 der
1054 4065 1149 4117 Alome
1172 4065 1271 4132 gebe“‚
1295 4082 1346 4133 qua

220 4122 368 4188 suspicione
385 4123 430 4174 Br.
449 4122 508 4177 illos
532 4140 624 4180 versus
647 4129 729 4181 etiam
754 4128 834 4182 aliter
850 4129 1003 4184 intellectos
1026 4134 1163 4200 superiore
1186 4133 1244 4188 loco
1266 4140 1344 4188 acute

220 4189 363 4270 defendere
381 4191 479 4244 studet.
515 4195 660 4250 Antecedit
677 4196 782 4263 quidem
806 4197 856 4251 hcc
872 4204 1059 4265 argumentum
1082 4200 1127 4268 (cf.
1145 4201 1211 4255 499:
1234 4218 1346 4272 corpora

218 4260 328 4313 rmmani
345 4259 513 4314 maximitate
532 4275 590 4316 esse
612 4281 666 4318 non
691 4280 769 4333 posse
787 4266 839 4318 iam
863 4281 967 4334 supra
989 4269 1090 4338 docui);
1115 4270 1163 4324 sed
1179 4273 1300 4338 proxime
1318 4273 1344 4326 id
