3198 4938
685 330 835 386 ..5-

170 509 173 518 '
200 502 237 561 01.
257 501 332 561 haec
350 503 452 562 eadem
472 503 565 578 cibus,
584 501 615 561 in
633 518 725 560 venas
743 500 811 559 dum
830 499 941 559 diditur
958 501 1052 558 omnis
1070 501 1111 560 IV
1130 498 1191 558 955

243 588 355 648 diditur
372 590 402 646 in
423 605 512 646 venas
531 588 613 646 cibus
633 586 735 664 omnis⁷
756 591 846 661 auget
864 587 975 660 alitque
1069 586 1199 663 111946,

243 673 352 732 mittier
370 674 407 732 ab
425 673 514 732 rebus
532 690 643 732 summo
663 672 699 730 de
718 689 840 746 corpore
858 689 955 730 rerum
975 666 1115 752 (effigias)
1225 669 1266 728 lV
1284 669 1325 727 43

242 759 280 817 05
299 759 387 820 rebus
405 760 481 818 mitti
975 753 1086 838 (imago
1106 749 1207 836 debet)
1226 756 1266 812 lV
1286 755 1326 812 64

243 846 323 920 quod
340 863 434 920 genus
451 845 503 902 illa
520 843 592 902 foris
612 861 688 917 quae
706 859 777 901 vere
795 844 1026 918 transpiciuntur
1043 843 1084 899 IV
1103 844 1164 900 271

243 931 318 989 alter
337 936 367 989 05
864 963 1016 970 ————
1044 928 1085 985 IV
1104 929 1165 986 278

242 1015 275 1074 fit
293 1033 409 1090 quoque
427 1016 464 1074 de
483 1015 603 1090 speculo
622 1013 652 1071 in
671 1015 821 1089 speculum
839 1017 871 1072 ut
888 1013 1024 1072 tradatur
1041 1013 1138 1088 imago
1158 1015 1198 1072 lV
1217 1015 1279 1072 326

242 1101 429 1175 usqueadeo
745 1135 813 1142 —-
838 1101 1000 1158 translucet
1044 1135 1130 1142 ——
1159 1101 1200 1158 IV
1218 1101 1280 1158 332

242 1204 280 1245 ex
291 1187 410 1246 ineunte
419 1204 493 1246 aevo
506 1186 690 1245 coniunctam
698 1191 787 1260 atque
795 1184 893 1244 uniter
904 1191 1002 1258 aptam
1011 1179 1131 1266 (terram
1141 1180 1216 1265 adri)
1229 1187 1254 1244 V
1264 1184 1325 1242 537

507 1273 662 1330 coniuncta
696 1277 974 1344 ——apta
1011 1267 1104 1350 (terra
1139 1266 1214 1351 adri)
1228 1272 1251 1330 V
1265 1269 1325 1328 555

243 1362 401 1432 propterea
417 1359 486 1433 quia
501 1362 562 1416 tam
1011 1361 1057 1415 est
1076 1352 1186 1438 (anima
1197 1350 1327 1436 corpori)

243 1446 335 1501 mutat
353 1444 429 1501 enim
448 1443 548 1501 mundi
566 1445 701 1502 naturam
719 1442 809 1500 totius
828 1446 910 1501 aetas
1204 1443 1242 1516 [V
1255 1441 1327 1519 558,

244 1546 281 1586 ex
298 1529 416 1603 alioque
434 1528 508 1587 alius
526 1533 620 1588 status
639 1529 777 1602 excipere
795 1527 892 1586 omnia
911 1527 1000 1586 debet
1019 1528 1043 1586 V
1063 1528 1135 1586 828.
1155 1529 1173 1584 9

244 1613 286 1671 sic
303 1614 394 1687 igitur
411 1614 512 1674 mundi
530 1618 664 1682 naturam
682 1614 772 1672 totius
789 1618 872 1672 aetas

244 1703 345 1777 mutat,
366 1703 396 1758 et
414 1717 451 1758 ex
469 1700 527 1759 alio
545 1705 654 1758 terram
673 1702 766 1760 status
785 1699 894 1773 excipit
912 1700 987 1758 alter
1016 1699 1043 1757 V
1061 1699 1134 1764 834,
1154 1697 1172 1755 5

548 1790 697 1860 tamquam
717 1785 845 1844 demissa
863 1786 998 1843 columna
1239 1833 1240 1837 ,

214 1936 216 1940 ,
243 1871 273 1927 in
292 1887 372 1929 mare
392 1871 428 1928 de
448 1871 530 1930 eaelo
1003 1869 1133 1928 v1426.
1155 1870 1172 1925 7

1003 1955 1043 2013 VI
1060 1956 1133 2012 433.

200 2040 234 2096 In
253 2039 377 2099 diversis
396 2041 578 2115 argumentis
601 2044 750 2115 tamquam
768 2039 986 2114 propositiones
1012 2040 1074 2098 sive
1098 2040 1246 2098 clausulae
1265 2039 1328 2098 sive

202 2124 437 2185 confirmationes
455 2130 628 2199 repetuntur
645 2143 699 2183 vv:

245 2216 312 2269 sunt
329 2211 420 2286 igitur
438 2211 533 2270 solida
551 2211 712 2286 primordia
730 2211 919 2284 simplicitate
939 2211 952 2267 l
971 2211 1031 2267 609

501 2297 691 2370 -pollentia
731 2294 1033 2353 --—-1574
1275 2356 1280 2368 .

202 2380 239 2442 cf.
263 2386 294 2440 at
318 2400 394 2457 quae
415 2387 483 2441 sunt
509 2381 604 2440 solida
627 2381 789 2456 primordia
815 2373 1004 2454 simplicitate
1025 2381 1145 2458 11157,
1172 2379 1327 2439 de1548

164 2487 165 2490 ’
202 2467 240 2526 cl.
260 2486 309 2543 pg.
329 2469 371 2525 40

245 2571 282 2612 ne
300 2553 354 2611 tibi
372 2569 420 2610 res
438 2553 562 2611 redeant
580 2552 618 2610 ad
636 2553 726 2610 nilum
745 2551 877 2610 funditus
904 2569 1004 2610 omnes
1029 2553 1042 2608 l
1069 2553 1140 2629 797,
1167 2552 1181 2608 I
1201 2551 1262 2607 673
1289 2549 1327 2609 01.

244 2656 295 2713 pg.
315 2639 365 2715 36,
385 2639 413 2696 ll
434 2636 494 2696 756
515 2638 551 2696 01.
570 2655 620 2711 pg.
641 2639 692 2715 36,
711 2637 740 2696 ΙΙ
759 2638 822 2694 864
841 2637 878 2695 01.
898 2655 949 2712 pg.
969 2639 1008 2694 41

244 2741 281 2782 ne
297 2741 345 2782 res
358 2723 396 2781 ad
408 2724 498 2781 nilum
510 2723 684 2798 redigantur
697 2722 827 2786 funditus
839 2724 1046 2800 omnes1791‚
1058 2723 1088 2780 ΙΙ
1100 2723 1160 2780 752
1175 2723 1213 2783 01.
1225 2742 1275 2799 pg.
1288 2726 1327 2782 36

245 2813 402 2883 praeterea
420 2809 445 2866 si
464 2808 635 2868 immortalis
654 2811 760 2867 natura
777 2804 914 2866 animaist
930 2810 974 2866 Ill
994 2810 1055 2866 624

245 2978 924 3039 namcommunibusinterseradieibushaerent
943 2974 1330 3060 animusetoorpuspsseau

858 3099 918 3106 -
942 3069 1023 3124 terra
1035 3070 1065 3124 05
1076 3060 1212 3145 mundus)
1230 3066 1330 3126 7554

245 3170 312 3210 nam
332 3170 383 3210 cur
401 3153 471 3216 luna
490 3156 579 3226 queat
598 3194 605 3209 .
627 3197 634 3210 .
1002 3153 1027 3209 V
1047 3150 1107 3208 753

245 3242 377 3312 tempore
396 3237 499 3296 eodem
519 3237 591 3296 aliut
609 3237 709 3296 facere
728 3238 759 3295 id
777 3257 835 3296 non
854 3253 941 3311 posse
959 3240 1077 3312 putetur
1107 3230 1109 3310 l
1141 3253 1247 3310 corpus
1269 3235 1329 3293 756

246 3328 276 3381 05
294 3340 345 3380 eur
363 3327 442 3380 terra
461 3327 575 3397 queat.
597 3367 604 3380 .
1001 3323 1027 3380 V
1047 3323 1107 3379 762

248 3413 382 3482 tempore
402 3407 504 3466 eodem
523 3407 596 3466 aliut
613 3413 742 3482 nequeat
761 3453 767 3467 .
789 3453 795 3467 .
817 3453 824 3467 .
846 3403 969 3489 {corpus
1047 3408 1108 3465 765

533 3511 638 3552 ..our
656 3494 703 3551 hie
721 3498 821 3568 posset
840 3538 875 3553 ..
979 3495 1108 3552 v1043
1155 3537 1159 3548 ,-

247 3582 380 3651 tempore
399 3579 502 3637 eodem
521 3578 571 3635 alii
589 3578 687 3638 facere
706 3580 737 3636 id
754 3598 812 3638 non
833 3580 932 3654 quisse
950 3579 1109 3653 putentur?
1131 3577 1212 3634 1045

248 3680 336 3738 porro
355 3663 428 3722 aliut
446 3664 584 3722 clarescit
602 3668 631 3722 et
650 3683 665 3723 0
684 3665 899 3740 contemptibus
918 3666 979 3724 exit
998 3666 1023 3723 V
1041 3665 1103 3722 833

437 3748 570 3808 succedit
917 3786 967 3792 —
998 3751 1125 3808 71278

249 3833 336 3908 fulgit
346 3834 415 3892 item
526 3853 591 3893 cum
609 3840 762 3893 rarescunt
780 3852 896 3910 quoque
915 3835 1016 3894 nubila
1073 3833 1148 3893 caeli
1167 3833 1286 3892 V1214

248 3923 403 3993 praeterea
421 3914 521 4001 (pluit)
537 3955 1016 3960 ——--—--———-—--
1051 3920 1148 3978 ventis
1167 3920 1208 3977 VI
1226 3917 1287 3975 513

250 4010 371 4079 propter
389 4005 560 4064 dissimilem
578 4011 712 4064 naturam
731 4006 940 4081 dissimilisque
972 4001 975 4086 l
1005 4010 1138 4064 texturas
1165 3998 1255 4084 (aliae
1284 4021 1332 4062 res

704 4159 709 4168 ¹
733 4093 799 4150 aliis
811 4092 1007 4152 animantibus
1019 4096 1108 4166 aptae
1120 4085 1199 4170 sunt)
1218 4090 1258 4147 Vl
1271 4088 1332 4146 775

733 4182 872 4251 textaque
883 4173 1082 4258 rerum(suam
1096 4177 1333 4251 quisquesensus

733 4282 796 4322 rem
814 4258 953 4343 percipit)
971 4263 1013 4322 VI
1033 4263 1111 4342 990,
