3198 4938
739 295 908 355 ,46-

258 464 329 525 hoc:
351 469 461 545 „atque
478 465 656 543 principium
673 467 743 528 hinc
760 466 891 543 potam“.
932 467 1036 543 Itaque
1054 467 1193 543 quoniam
1211 465 1388 525 offensiones

259 569 318 610 non
335 555 462 629 exstant,
481 570 584 612 versus
601 553 722 614 retineri
740 571 903 614 censemus.

386 654 580 729 Excipiuntnr
597 656 641 716 eis

345 759 394 799 vv.
412 741 442 798 Il
460 739 586 799 55-58
605 765 646 794 --
664 743 854 802 11187-90
873 763 912 793 =
932 743 972 802 VI
989 740 1117 800 35-38

302 861 370 901 nam
387 842 480 902 veluti
498 844 583 918 pueri
600 845 752 920 trepidant
769 849 859 920 atque
878 844 976 905 omnia
994 845 1092 904 caecis

303 927 334 986 in
351 929 484 988 tenebris
501 933 644 1009 metuunt,
664 931 706 990 sic
724 949 778 990 nos
793 931 824 989 in
841 932 907 990 luce
924 930 1061 992 timemus

302 1012 449 1073 interdum
467 1014 527 1074 nilo
545 1032 622 1089 qnae
640 1021 708 1076 sunt
725 1017 884 1076 metuenda
901 1016 998 1091 magis
1016 1032 1104 1090 quam

304 1116 381 1173 quae
397 1101 482 1174 pueri
500 1101 531 1158 in
548 1102 682 1162 tenebris
700 1101 834 1177 pavitant
844 1101 1015 1177 linguntque
1033 1099 1142 1160 futura

303 1185 390 1243 Hunc
407 1184 499 1260 igitur
514 1191 657 1247 terrorem
675 1193 743 1246 cett.

434 1265 505 1352 (Gn.
527 1274 564 1332 19
584 1289 639 1351 sq,
663 1273 718 1332 To.
738 1272 810 1351 545,
834 1272 884 1331 Br.
904 1266 989 1354 202).

261 1372 368 1431 Totum
393 1371 470 1432 hanc
494 1374 725 1449 complexionem
745 1374 801 1434 Gn.
820 1374 1001 1434 assentiente
1018 1371 1128 1432 Tohtio
1152 1371 1183 1433 in
1205 1371 1237 1430 ll.
1254 1371 1284 1430 Π
1300 1375 1331 1429 et
1348 1369 1392 1428 111

262 1458 412 1517 eliminare
439 1458 548 1520 studet.
602 1460 637 1520 V.
664 1461 693 1520 Il
717 1459 757 1518 55
783 1461 826 1520 ait
848 1477 925 1535 quae
949 1458 1096 1535 particula
1116 1455 1226 1536 „nam“
1250 1456 1392 1516 inducan-

262 1547 311 1602 tur
328 1561 387 1602 non
403 1543 575 1604 confirmare
594 1546 811 1625 antecedentia,
830 1547 884 1605 sed
903 1546 945 1605 eis
957 1561 1023 1606 esse
1041 1543 1261 1618 consequentia.
1279 1541 1320 1600 At
1338 1542 1394 1601 etsi

262 1647 322 1688 non
339 1629 469 1689 nascitur
486 1648 524 1689 ex
541 1632 646 1691 timore
661 1631 841 1710 ignorantia,
859 1635 970 1709 tamen,
990 1631 1129 1706 qnoniam
1139 1628 1217 1687 illius
1229 1645 1320 1688 causa
1338 1631 1393 1705 est,

264 1733 301 1773 ex
319 1731 355 1773 co
374 1716 560 1790 cognoscitur
578 1717 650 1796 sive,
669 1717 701 1776 id
720 1718 799 1792 quod
816 1716 894 1777 idem
912 1719 1002 1795 valet,
1021 1716 1110 1774 timor
1125 1713 1238 1773 indicat
1254 1713 1392 1789 ignoran-

263 1799 335 1859 tiam
353 1794 477 1880 (Furcht
499 1803 623 1862 beweist
640 1803 873 1881 Unwissenheit,
898 1802 966 1862 weil
989 1801 1031 1861 sie
1057 1800 1165 1859 danaus
1188 1793 1392 1880 hervorgeht).

262 1887 325 1945 Iam
356 1885 564 1961 interpretatio
593 1893 699 1963 aperta
728 1893 789 1948 est:
826 1887 997 1963 Religiones
1025 1886 1097 1962 pelli
1125 1888 1276 1959 nequeunt
1302 1883 1392 1944 annis

263 1971 367 2046 opibus
380 1966 549 2056 (37-42);
569 1972 675 2048 quodsi
692 1973 734 2034 ita
752 1972 822 2048 pclli
840 1976 991 2049 nequeunt
1008 1966 1172 2054 (43-46),
1192 1970 1264 2044 qnid
1276 1970 1393 2029 dubitas

263 2053 334 2132 quin
353 2058 467 2117 ratione
487 2059 602 2133 possint
619 2059 683 2120 sive
702 2059 772 2135 quin
789 2058 864 2118 haec
889 2059 928 2118 sit
946 2059 1070 2118 rationis
1088 2061 1208 2131 egestas
1230 2049 1281 2137 (cf.
1299 2057 1392 2115 Hoer-

263 2141 487 2223 schelmannus,
517 2150 574 2205 act.
593 2163 654 2204 soc.
672 2144 745 2220 phil.
765 2145 847 2219 Lips.
866 2144 892 2203 V
910 2162 960 2219 pg.
981 2137 1058 2224 29)?
1102 2141 1204 2203 Omnis
1228 2141 1304 2200 enim
1331 2141 1393 2199 vita

262 2228 379 2287 laborat
389 2230 419 2287 in
430 2230 561 2290 tenebris
580 2224 774 2312 (ignorantia)
792 2223 946 2311 (47-54)
964 2246 1032 2288 nam
1053 2261 1089 2270 —-
1109 2229 1129 2287 i.
1150 2245 1176 2286 5.
1194 2225 1250 2286 hoc
1268 2230 1393 2301 apparet

262 2314 331 2372 inde
355 2314 435 2389 qnod
463 2349 499 2356 -
525 2322 558 2374 ut
581 2315 665 2390 pueri
684 2359 691 2373 .
713 2359 720 2374 .
741 2359 748 2374 .
768 2315 914 2374 interdum
936 2314 1071 2374 timemus
1090 2330 1167 2388 quae
1186 2356 1193 2371 .
1215 2357 1249 2372 ..
1279 2313 1314 2370 ln
1335 2311 1391 2371 hac

263 2397 482 2460 confirmatione
512 2401 652 2481 „omnis
681 2401 744 2459 vita
771 2399 902 2480 laborat,
936 2418 1003 2458 nam
1036 2399 1229 2458 interdum
1257 2396 1391 2457 timemus

262 2483 359 2560 quae“
378 2504 435 2545 non
457 2486 604 2565 offendes,
636 2486 791 2545 dnmmodo
817 2503 920 2544 vocem
948 2481 1135 2564 „interdum“
1161 2487 1242 2542 recte
1265 2483 1390 2558 iungas:

262 2571 418 2649 „timemus
444 2591 520 2647 quae
544 2572 691 2632 interdum
715 2590 774 2630 non
800 2570 895 2646 magis
920 2569 1078 2630 metuenda
1109 2574 1176 2628 sunt
1201 2586 1287 2643 quam
1315 2584 1391 2643 quae

262 2657 346 2731 pueri
371 2656 527 2732 pavitant“
550 2657 570 2716 i.
597 2675 623 2718 5.
654 2658 790 2716 timemus
818 2655 966 2716 interdum
994 2673 1082 2716 vana.
1118 2655 1161 2716 sic
1183 2655 1197 2712 I
1222 2655 1295 2712 817.
1322 2655 1392 2713 8ιι.

305 2785 312 2800 .
337 2742 409 2800 205
433 2786 440 2801 .

261 2759 435 2904 pgeaderilu
452 2845 552 2921 magni
570 2807 662 2905 refert
678 2843 839 2921 primordia
856 2861 974 2919 saepe

305 2948 370 2990 cum
389 2930 495 3006 quibus
514 2935 544 2990 et
560 2931 640 3006 quali
657 2932 791 3006 positura
808 2929 1024 2990 contineantur.

314 3033 344 3091 Π
383 3034 446 3092 954
464 3052 509 3109 sq.
528 3033 578 3093 fit
602 3052 719 3109 qnoque
744 3033 800 3093 uti
829 3033 985 3094 soleant
1009 3030 1132 3091 minus
1159 3031 1258 3090 oblato
1286 3030 1389 3090 acri·

748 3157 753 3166 ·
1252 3121 1312 3176 ter
1329 3117 1389 3175 ictu

525 3205 632 3280 reliqiii
657 3208 752 3264 motus
773 3203 874 3264 vitalis
892 3204 1049 3263 vincere
1067 3218 1189 3277 saepe.

306 3291 347 3349 IV
368 3291 449 3349 1218
466 3307 511 3364 sq.
529 3289 563 3350 fit
580 3308 697 3366 quoquc
714 3294 747 3350 ut
764 3288 949 3348 interdum
967 3287 1076 3349 similes
1094 3287 1220 3347 existere
1238 3305 1389 3347 avorum

524 3376 638 3452 possint
663 3380 693 3435 et
716 3374 846 3435 referant
877 3365 1109 3450 proavorum
1135 3391 1250 3449 saepe
1279 3373 1388 3448 figuras

318 3465 345 3523 V
366 3462 446 3520 1231
463 3479 507 3537 sq.
850 3461 980 3520 violento
998 3461 1115 3521 turbine
1133 3477 1246 3534 saepe

229 3607 230 3612 ,
526 3552 680 3623 correptus
698 3547 775 3607 nilo
793 3546 886 3606 fertur
903 3546 1024 3605 minus
1043 3546 1080 3606 ad
1098 3546 1177 3605 vada
1194 3545 1246 3604 leti

305 3635 346 3695 Vl
388 3636 449 3693 130
467 3652 512 3709 sq.
528 3651 583 3694 ncc
602 3634 716 3712 mirum,
736 3651 799 3693 cum
817 3633 905 3708 plena
923 3631 1038 3691 animae
1056 3630 1208 3690 vensicula
1225 3649 1319 3706 parva

525 3721 704 3796 saepecot
715 3718 801 3779 hant
812 3736 968 3794 parvum
977 3718 1104 3778 sonitum
1112 3717 1244 3792 displosa
1254 3721 1387 3793 repente.

306 3808 346 3867 VI
386 3807 448 3864 489
465 3824 511 3882 sq.
528 3804 602 3866 haut
620 3850 628 3865 .
648 3850 656 3866 .
676 3850 683 3865 .
701 3805 843 3884 mirumst,
861 3804 886 3864 si
904 3820 1020 3878 parvo
1037 3807 1170 3878 tempore
1189 3820 1302 3879 saepe

526 3897 595 3951 tam
618 3892 757 3967 magnis
774 3889 881 3950 nimbis
898 3893 1061 3965 tempestas
1079 3893 1169 3964 atque
1185 3889 1327 3949 tenebrae

526 3977 680 4053 coperiunt
697 3976 791 4036 maria
809 4020 816 4035 .
836 4021 844 4035 .
864 4019 872 4035 .

306 4065 347 4125 VI
391 4064 452 4123 639
472 4081 516 4140 sq.
535 4081 612 4123 nunc
630 4063 707 4123 ratio
725 4079 801 4138 quac
819 4062 872 4140 sit,
904 4077 958 4136 per
981 4058 1082 4119 lauces
1100 4059 1208 4119 montis
1225 4066 1257 4120 ut
1274 4060 1388 4120 Aetnae

531 4149 667 4225 expirent
683 4149 769 4224 ignes
786 4146 981 4208 interdum
998 4145 1153 4206 turbine
1171 4149 1297 4226 tanto,

531 4235 695 4310 expediam.
