3198 4938
709 304 876 363 -55..

222 479 332 556 menta,
362 493 439 551 quae
468 479 570 536 auctor
598 477 691 536 voluit
724 493 789 536 1111
815 475 1007 554 immortalia,
1037 475 1137 536 mollia
1165 476 1237 536 dicit
1259 493 1301 536 sc.
1321 496 1357 537 61

223 565 318 639 ipsius
336 562 492 640 sententia,
512 580 570 621 non
581 567 663 622 recte
675 562 753 622 effici
765 580 830 622 eum
851 581 909 641 „ne
926 561 1091 636 inspexisse
1110 562 1229 636 quidem
1245 560 1357 623 libros“

224 648 424 726 Empedoclis,
440 648 498 707 iam
509 648 668 723 Bricgerus
681 647 890 707 animadvertit
901 648 987 706 Burs.
1000 647 1136 707 Jabresb.
1152 649 1244 724 1877,
1263 649 1356 708 1173.

311 734 393 793 ldem
410 734 484 792 illud
500 735 629 809 pertinet
649 734 687 794 ad
699 734 881 793 Heraclitum
900 738 930 792 et
940 732 1158 807 Anaxagoram.
1182 735 1227 792 De
1238 733 1356 793 Anaxa-

225 838 299 895 gora
328 837 423 894 pauca
454 820 592 879 addenda
617 825 693 880 sunt.
739 820 847 878 Vocem
873 818 991 894 quidem
1016 818 1291 897 ,11011010111111111ι
1318 821 1356 880 ab

225 906 384 966 Aristotele
402 905 551 964 inventam
575 906 670 965 minus
698 922 797 965 errore
822 905 964 980 deceptus
987 922 1074 978 quam
1092 902 1210 964 dicendi
1229 906 1356 980 quadam

227 991 417 1067 neglegentia
434 991 472 1049 ad
489 989 700 1066 Anaxagoram
716 992 813 1066 ipsum
830 991 948 1049 videtur
965 988 1085 1049 referre.
1122 989 1162 1049 At
1176 1007 1235 1048 uon
1254 989 1355 1049 distin·

226 1079 269 1138 xit
288 1096 325 1137 ex
339 1077 417 1136 illius
436 1082 534 1136 mente
551 1071 588 1136 ui
606 1075 735 1136 σύνθετα
758 1094 884 1151 corpora
901 1071 995 1158 (velut
1011 1080 1121 1136 terram
1140 1080 1170 1134 et
1187 1070 1308 1157 aquam)
1327 1081 1357 1136 et

225 1159 263 1221 od
284 1158 371 1221 ἁπλᾶ
389 1153 485 1245 (,,οἷον
508 1159 604 1240 σάρκα
625 1163 675 1220 καὶ
692 1156 847 1243 o'ocoio‘),
870 1162 924 1222 sed
941 1161 1040 1220 omnia
1061 1164 1147 1236 putat
1164 1166 1301 1222 constare
1319 1181 1357 1222 11

226 1248 368 1326 partibus,
392 1265 468 1322 quae
485 1248 555 1307 totis
580 1266 667 1322 pares
688 1248 746 1307 sint
764 1242 843 1329 (esse
861 1241 970 1328 0111λᾶ).
1016 1247 1088 1305 Inde
1108 1248 1258 1323 complura
1283 1249 1357 1308 vitia

226 1337 390 1393 natarunt.
427 1333 557 1392 Primum
576 1335 652 1392 euim
671 1337 823 1394 enumerat
839 1335 854 1391 Ι
872 1333 944 1392 840.
964 1333 1003 1390 41
1025 1333 1104 1392 inter
1124 1331 1356 1393 homoeomerias

198 1484 201 1496 ¹
225 1424 334 1478 terram
353 1423 382 1478 et
403 1419 513 1496 ignem,
537 1437 612 1494 quac
630 1438 665 1479 10
683 1437 743 1479 non
761 1419 918 1494 pertinent.
963 1413 1015 1500 (cf.
1034 1416 1137 1492 Woltj.
1155 1437 1206 1494 pg.
1226 1415 1290 1502 30).
1314 1455 1355 1461 -

226 1503 303 1566 Ossa
317 1509 415 1564 tamen
434 1510 463 1564 et
481 1505 579 1564 viscus
598 1523 636 1564 ex
645 1505 784 1580 pauxillis
803 1505 919 1564 ossibus
937 1508 966 1564 et
983 1503 1146 1564 visceribus
1159 1505 1241 1580 gigni
1260 1522 1355 1580 neque

226 1609 280 1665 per
308 1590 403 1649 iocum
433 1584 550 1672 (Woltj.
580 1585 634 1672 31)
669 1609 766 1666 neque
801 1609 855 1666 per
890 1607 1021 1649 errorem
1050 1588 1149 1649 dicere
1178 1591 1298 1650 videtur
1326 1611 1354 1651 v.

228 1677 288 1734 835
308 1694 353 1751 sq.
381 1710 417 1717 —
442 1675 559 1736 Deinde
584 1671 645 1758 (vv.
673 1672 834 1759 859-74)
861 1693 964 1750 parum
990 1679 1127 1734 accurate
1145 1675 1355 1754 Anaxagoram

226 1762 388 1840 impugnat,
407 1780 473 1821 cum
491 1762 640 1822 convincit
662 1779 763 1822 omnes
779 1762 1019 1822 res'commixtas
1037 1778 1102 1821 esse
1126 1778 1164 1820 11
1179 1762 1355 1838 ¹alienigenis

225 1848 360 1922 partibus
386 1865 412 1908 1.
438 1866 468 1923 g.
495 1848 577 1908 cibos
601 1865 639 1906 11
661 1848 776 1908 ossibus
801 1852 831 1907 et
854 1846 939 1907 venis
961 1841 1016 1929 (ita
1033 1847 1104 1906 dicit
1122 1848 1269 1923 exipsius
1288 1867 1353 1908 sen·
1439 1921 1441 1928 Ι

225 1934 319 1993 tentia
336 1952 395 1993 non
413 1933 477 1993 sine
494 1933 692 1993 inconstantia
710 1935 847 2012 quadam,
871 1951 936 1992 cnm
955 1932 1112 1992 dicendum¹
1129 1933 1168 1993 sit
1186 1934 1266 1993 cibos
1285 1952 1352 1994 con-

227 2023 306 2078 stare
327 2037 365 2078 ex
382 2018 550 2094 primordiis
571 2020 680 2079 ossium
698 2024 728 2080 et
744 2014 908 2101 venarum).
941 2019 1093 2079 Postremo
1111 2012 1172 2099 (vv.
1192 2017 1253 2079 875
1273 2016 1353 2103 sqq.)

226 2104 371 2164 1111111110
397 2104 425 2164 61
449 2106 608 2180 exprobrat
630 2106 724 2185 qnod,
752 2105 809 2165 etsi
826 2105 898 2164 velit
915 2097 1003 2164 ἁπλᾶ
1026 2121 1091 2164 1116
1116 2105 1230 2184 omnia,
1256 2109 1354 2166 tamen

104 2217 109 2235 ·
225 2208 330 2265 parum
342 2190 399 2249 sibi
417 2191 627 2252 convenienter
644 2195 740 2252 sumat
758 2191 856 2250 omnia
873 2207 939 2252 esse
957 2186 1096 2250 σύνθετα.
1131 2189 1217 2263 Quod
1235 2191 1353 2266 quidem

225 2277 321 2352 ipsum
338 2280 418 2336 recte
437 2275 589 2337 confutare
605 2277 731 2356 videtur,
762 2278 900 2352 quoniam
917 2294 977 2336 non
994 2276 1127 2336 omnibus
1145 2279 1234 2338 rebus
1253 2294 1353 2338 omnes

225 2380 288 2423 111
305 2361 456 2422 immixtae
473 2364 581 2442 latent,
607 2365 660 2422 sed
684 2362 841 2423 multarum
860 2380 958 2424 rorum
978 2361 1125 2424 semina
1143 2362 1242 2423 multis
1264 2365 1353 2424 rebus

226 2449 391 2509 communia
407 2455 476 2508 sunt
493 2444 679 2529 (894-96).

312 2535 409 2592 Pravo
425 2551 513 2608 porro
530 2532 622 2592 refert
633 2533 719 2594 Lucr.
737 2534 838 2594 V644
850 2551 916 2608 sqq.
934 2532 1096 2592 Democriti
1114 2533 1151 2592 de
1173 2551 1261 2594 cursu
1282 2535 1353 2594 solis

228 2623 257 2678 ct
274 2620 361 2678 lunae
383 2619 569 2678 sententiam.
613 2618 763 2680 Omittitur
788 2620 865 2680 enim
893 2653 929 2660 —
949 2618 980 2678 id
998 2619 1078 2694 quod
1094 2618 1197 2695 Woltj.
1216 2638 1266 2695 pg.
1292 2623 1351 2680 129

227 2704 417 2779 sagacissime
436 2705 513 2764 eruit
529 2738 566 2746 —
583 2722 671 2765 causa
689 2723 741 2765 cur
757 2707 845 2764 lunae
863 2705 934 2765 solis
953 2706 1105 2765 stellarum
1116 2710 1210 2765 motus
1228 2724 1286 2765 non
1298 2725 1352 2783 pro

226 2790 353 2865 simplici
378 2790 493 2850 ratione
519 2790 677 2851 distantiae
700 2811 719 2850 a
735 2797 817 2851 terra
833 2791 1035 2867 adaugescant
1056 2825 1092 2832 —
1112 2791 1155 2850 ita
1172 2795 1204 2850 ut
1220 2794 1290 2852 luna
1308 2794 1352 2854 101

225 2876 328 2936 stellae
347 2895 430 2936 suum
448 2894 584 2953 quaeque
603 2877 742 2936 circulum
761 2876 863 2936 eodem
880 2877 1022 2951 temporis
1033 2876 1129 2952 spatio
1145 2877 1350 2937 circumferan-

225 2967 272 3020 tur
294 2996 343 3039 —,
365 2961 418 3020 sed
436 2963 539 3022 stellae
562 2968 591 3022 et
614 2965 675 3040 sol,
699 2981 775 3039 quae
792 2963 963 3037 longissime
988 2981 1007 3020 a
1032 2965 1114 3022 terra
1131 2962 1242 3041 absint,
1268 2968 1351 3023 tanto

227 3046 351 3106 celerius
368 3052 542 3107 moveantur
560 3066 646 3122 quarn
664 3049 749 3127 luna,
778 3052 811 3107 ut
836 3066 895 3107 non
919 3048 964 3106 sol
988 3048 1079 3108 semel
1103 3066 1186 3108 suum
1212 3049 1351 3108 circulum

225 3132 365 3191 maiorem
389 3138 544 3207 percurrat
569 3150 626 3207 quo
643 3138 775 3208 tempore
793 3129 876 3193 suum
894 3136 980 3211 luna,
1005 3135 1058 3192 sed
1075 3138 1107 3193 ut
1124 3134 1228 3193 stellae
1253 3137 1351 3194 lunam

226 3217 384 3278 duodecies
413 3235 489 3277 anno
514 3219 716 3294 adipiscantur
734 3237 791 3294 quo
810 3220 901 3279 solem
919 3219 1007 3293 paulo
1025 3223 1092 3294 post
1110 3236 1160 3280 eas
1179 3225 1352 3295 sequentem

224 3305 315 3363 semel
337 3307 585 3378 praetercurrant
631 3299 708 3387 (Quo
726 3304 758 3365 fit
785 3339 821 3346 —
845 3309 878 3364 nt
895 3302 950 3363 hoc
969 3303 1077 3365 addam
1102 3339 1143 3348 -
1160 3311 1193 3366 ut
1212 3307 1256 3366 101
1273 3307 1352 3367 idem

225 3385 351 3464 spatium
375 3407 452 3448 anno
477 3389 654 3450 videatur
678 3391 776 3469 obire,
802 3391 833 3449 in
852 3408 909 3466 quo
935 3392 1004 3449 luna
1028 3408 1159 3450 mensem
1182 3388 1350 3475 consumit).

224 3474 436 3548 Praeterquam
454 3475 532 3549 quod
549 3476 624 3534 ratio
644 3476 794 3535 celerioris
817 3480 913 3535 motus
931 3476 1000 3534 10111
1020 3481 1049 3535 11
1066 3477 1217 3536 stellarum
1235 3477 1350 3537 deside·

225 3563 323 3638 ratur,
360 3559 435 3618 haec
471 3561 628 3636 explicatio
663 3562 820 3636 perspicua
853 3565 915 3640 est;
947 3562 1004 3620 etsi
1032 3566 1120 3637 pocta
1151 3580 1217 3621 eam
1249 3567 1351 3638 utpote

225 3645 324 3704 nixam
348 3645 379 3704 in
403 3662 501 3705 errore
527 3663 664 3706 sensuum
687 3666 747 3707 non
765 3647 866 3706 debuit
884 3647 1062 3706 collaudare.
1107 3646 1218 3720 Quodsi
1247 3648 1349 3724 Woltj.

224 3726 287 3811 (pg.
324 3726 398 3813 183)
431 3749 468 3791 11
498 3732 548 3792 illo
580 3732 651 3791 vitio
682 3733 850 3792 Lucretium
884 3731 1032 3792 concludit
1060 3733 1236 3793 sententiam
1269 3735 1351 3793 illam

226 3835 262 3876 ex
295 3817 417 3892 Epicuri
453 3836 511 3877 non
547 3835 585 3878 cx
612 3819 775 3878 Democriti
802 3816 920 3893 scriptis
949 3818 1139 3898 cognovisse,
1168 3837 1226 3877 non
1254 3821 1350 3895 magis

225 3900 281 3960 hoc
314 3903 386 3962 mihi
422 3906 564 3978 probatur
599 3922 686 3978 quam
721 3922 785 3963 cum
821 3922 858 3963 11
895 3903 1127 3983 discriminibus,
1168 3923 1244 3980 quae
1272 3906 1350 3965 inter

225 3985 408 4064 Thucydidis
427 3991 456 4048 et
473 3989 604 4049 Lucretii
622 3991 808 4064 pestilentiae
828 3990 1041 4065 descriptiones
1059 3990 1253 4069 intercedunt,
1274 4010 1349 4066 quae

224 4073 296 4133 mibi
330 4075 448 4149 quidem
480 4075 646 4135 accuratius
681 4081 851 4149 comparata
885 4076 1006 4135 alteram
1039 4077 1160 4136 alterius
1191 4076 1350 4152 imaginem

225 4176 290 4220 6111
320 4161 405 4235 quasi
434 4161 592 4220 vociferari
621 4161 758 4221 videntur
786 4156 837 4241 (cf.
866 4162 965 4236 Brieg.
994 4161 1078 4221 Burs.
1103 4162 1238 4222 Jahresb.
1267 4165 1348 4221 1877

225 4245 262 4304 11.
284 4241 347 4327 75),
366 4246 534 4306 Lucretium
549 4263 631 4306 suam
647 4265 684 4305 61
696 4245 815 4321 Epicuri
830 4246 1004 4305 secundario
1022 4245 1104 4308 fonte
1115 4247 1248 4307 hausisse
1260 4247 1350 4310 efficit
