<?xml version="1.0" encoding="UTF-8"?>
<!DOCTYPE html PUBLIC "-//W3C//DTD XHTML 1.0 Transitional//EN"
    "http://www.w3.org/TR/xhtml1/DTD/xhtml1-transitional.dtd">
<html xmlns="http://www.w3.org/1999/xhtml" xml:lang="en" lang="en">
 <head>
  <title>
</title>
<meta http-equiv="Content-Type" content="text/html;charset=utf-8" />
  <meta name='ocr-system' content='tesseract 3.04.00' />
  <meta name='ocr-capabilities' content='ocr_page ocr_carea ocr_par ocr_line ocrx_word'/>
</head>
<body>
  <div class='ocr_page' id='page_1' title='image "./quaestionumlucr01lohmgoog_0041.png"; bbox 0 0 3198 4938; ppageno 0'>
   <div class='ocr_carea' id='block_1_1' title="bbox 749 312 917 372">
    <p class='ocr_par' dir='ltr' id='par_1_1' title="bbox 749 312 917 372">
     <span class='ocr_line' id='line_1_1' title="bbox 749 312 917 372; baseline -0.006 -13"><span class='ocrx_word' id='word_1_1' title='bbox 749 312 917 372; x_wconf 72' lang='grc'><strong>-36-</strong></span> 
     </span>
    </p>
   </div>
   <div class='ocr_carea' id='block_1_2' title="bbox 271 479 1404 740">
    <p class='ocr_par' dir='ltr' id='par_1_2' title="bbox 271 479 1404 740">
     <span class='ocr_line' id='line_1_2' title="bbox 272 479 1403 565; baseline -0.009 -16"><span class='ocrx_word' id='word_1_2' title='bbox 272 487 374 551; x_wconf 88' lang='lat' dir='ltr'>labore</span> <span class='ocrx_word' id='word_1_3' title='bbox 393 485 545 565; x_wconf 80' lang='lat' dir='ltr'><strong>quaesitae</strong></span> <span class='ocrx_word' id='word_1_4' title='bbox 563 482 729 545; x_wconf 88' lang='lat' dir='ltr'>fervoribus</span> <span class='ocrx_word' id='word_1_5' title='bbox 746 485 818 544; x_wconf 86' lang='lat' dir='ltr'>solis</span> <span class='ocrx_word' id='word_1_6' title='bbox 836 488 887 544; x_wconf 88' lang='lat' dir='ltr'>aut</span> <span class='ocrx_word' id='word_1_7' title='bbox 902 481 1009 560; x_wconf 79' lang='lat' dir='ltr'>gelidis</span> <span class='ocrx_word' id='word_1_8' title='bbox 1023 482 1137 559; x_wconf 90' lang='lat' dir='ltr'>pruinis</span> <span class='ocrx_word' id='word_1_9' title='bbox 1157 527 1163 540; x_wconf 94' lang='lat'>.</span> <span class='ocrx_word' id='word_1_10' title='bbox 1185 525 1192 540; x_wconf 92' lang='lat'>.</span> <span class='ocrx_word' id='word_1_11' title='bbox 1211 479 1403 556; x_wconf 88' lang='lat' dir='ltr'>perimun-</span> 
     </span>
     <span class='ocr_line' id='line_1_3' title="bbox 271 566 1404 650; baseline -0.011 -13"><span class='ocrx_word' id='word_1_12' title='bbox 271 582 342 636; x_wconf 87' lang='lat' dir='ltr'>tur.</span> <span class='ocrx_word' id='word_1_13' title='bbox 379 575 463 649; x_wconf 78' lang='lat' dir='ltr'>Quae</span> <span class='ocrx_word' id='word_1_14' title='bbox 479 590 546 633; x_wconf 88' lang='lat' dir='ltr'>cum</span> <span class='ocrx_word' id='word_1_15' title='bbox 564 572 607 631; x_wconf 90' lang='lat' dir='ltr'>ita</span> <span class='ocrx_word' id='word_1_16' title='bbox 625 571 692 650; x_wconf 87' lang='lat' dir='ltr'>sint,</span> <span class='ocrx_word' id='word_1_17' title='bbox 711 570 758 630; x_wconf 91' lang='lat' dir='ltr'>his</span> <span class='ocrx_word' id='word_1_18' title='bbox 775 571 921 649; x_wconf 85' lang='lat' dir='ltr'>versibus,</span> <span class='ocrx_word' id='word_1_19' title='bbox 943 569 1000 630; x_wconf 90' lang='lat' dir='ltr'>etsi</span> <span class='ocrx_word' id='word_1_20' title='bbox 1019 569 1123 630; x_wconf 87' lang='lat' dir='ltr'>merito</span> <span class='ocrx_word' id='word_1_21' title='bbox 1141 569 1172 627; x_wconf 90' lang='lat' dir='ltr'>in</span> <span class='ocrx_word' id='word_1_22' title='bbox 1191 585 1290 627; x_wconf 86' lang='lat' dir='ltr'>eornm</span> <span class='ocrx_word' id='word_1_23' title='bbox 1309 566 1404 626; x_wconf 84' lang='lat' dir='ltr'>forma</span> 
     </span>
     <span class='ocr_line' id='line_1_4' title="bbox 271 661 843 740; baseline -0.009 -20"><span class='ocrx_word' id='word_1_24' title='bbox 271 661 437 740; x_wconf 90' lang='lat' dir='ltr'>haeremus,</span> <span class='ocrx_word' id='word_1_25' title='bbox 455 665 555 720; x_wconf 78' lang='lat' dir='ltr'>tamm</span> <span class='ocrx_word' id='word_1_26' title='bbox 572 674 664 733; x_wconf 88' lang='lat' dir='ltr'>aegre</span> <span class='ocrx_word' id='word_1_27' title='bbox 683 673 843 717; x_wconf 75' lang='lat' dir='ltr'><strong>careamus.</strong></span> 
     </span>
    </p>
   </div>
   <div class='ocr_carea' id='block_1_3' title="bbox 425 757 1318 1356">
    <p class='ocr_par' dir='ltr' id='par_1_3' title="bbox 425 757 1318 1356">
     <span class='ocr_line' id='line_1_5' title="bbox 425 757 1091 821; baseline -0.009 0"><span class='ocrx_word' id='word_1_28' title='bbox 425 761 531 821; x_wconf 90' lang='grc'><strong>1670.</strong></span> <span class='ocrx_word' id='word_1_29' title='bbox 552 762 591 819; x_wconf 88' lang='grc'>71</span> <span class='ocrx_word' id='word_1_30' title='bbox 611 783 653 812; x_wconf 91' lang='lat'><strong><em>=</em></strong></span> <span class='ocrx_word' id='word_1_31' title='bbox 670 761 685 818; x_wconf 96' lang='grc' dir='ltr'><strong>Ι</strong></span> <span class='ocrx_word' id='word_1_32' title='bbox 703 760 776 818; x_wconf 85' lang='grc'><strong>792.</strong></span> <span class='ocrx_word' id='word_1_33' title='bbox 796 759 815 818; x_wconf 87' lang='grc'><strong>3</strong></span> <span class='ocrx_word' id='word_1_34' title='bbox 836 777 874 808; x_wconf 92' lang='lat'>=</span> <span class='ocrx_word' id='word_1_35' title='bbox 894 757 1029 817; x_wconf 81' lang='lat'>111519.</span> <span class='ocrx_word' id='word_1_36' title='bbox 1049 757 1091 816; x_wconf 82' lang='grc'><strong>20</strong></span> 
     </span>
     <span class='ocr_line' id='line_1_6' title="bbox 532 844 739 906; baseline -0.014 -1"><span class='ocrx_word' id='word_1_37' title='bbox 532 848 594 905; x_wconf 87' lang='grc'>672</span> <span class='ocrx_word' id='word_1_38' title='bbox 614 844 651 906; x_wconf 85' lang='lat' dir='ltr'>cf.</span> <span class='ocrx_word' id='word_1_39' title='bbox 676 845 739 904; x_wconf 93' lang='grc'>790</span> 
     </span>
     <span class='ocr_line' id='line_1_7' title="bbox 532 928 738 991; baseline -0.015 0"><span class='ocrx_word' id='word_1_40' title='bbox 532 933 594 991; x_wconf 84' lang='grc'>673</span> <span class='ocrx_word' id='word_1_41' title='bbox 615 951 655 983; x_wconf 89' lang='lat'>=</span> <span class='ocrx_word' id='word_1_42' title='bbox 676 928 738 989; x_wconf 87' lang='grc'>797</span> 
     </span>
     <span class='ocr_line' id='line_1_8' title="bbox 533 1007 1249 1096; baseline -0.007 -20"><span class='ocrx_word' id='word_1_43' title='bbox 533 1018 596 1076; x_wconf 87' lang='grc'>674</span> <span class='ocrx_word' id='word_1_44' title='bbox 615 1037 656 1069; x_wconf 90' lang='lat'>=</span> <span class='ocrx_word' id='word_1_45' title='bbox 675 1016 737 1075; x_wconf 91' lang='grc'>757</span> <span class='ocrx_word' id='word_1_46' title='bbox 761 1010 968 1096; x_wconf 84' lang='lat' dir='ltr'>(„vigescere“</span> <span class='ocrx_word' id='word_1_47' title='bbox 987 1031 1040 1088; x_wconf 90' lang='lat' dir='ltr'>pro</span> <span class='ocrx_word' id='word_1_48' title='bbox 1060 1007 1249 1094; x_wconf 85' lang='lat' dir='ltr'>„vigescat“)</span> 
     </span>
     <span class='ocr_line' id='line_1_9' title="bbox 673 1097 1130 1160; baseline -0.009 0"><span class='ocrx_word' id='word_1_49' title='bbox 673 1101 853 1160; x_wconf 88' lang='grc'><strong>1789-93</strong></span> <span class='ocrx_word' id='word_1_50' title='bbox 874 1121 912 1150; x_wconf 89' lang='lat'>=</span> <span class='ocrx_word' id='word_1_51' title='bbox 932 1097 1130 1158; x_wconf 80' lang='lat'>11750—54</span> 
     </span>
     <span class='ocr_line' id='line_1_10' title="bbox 792 1184 1318 1244; baseline -0.006 0"><span class='ocrx_word' id='word_1_52' title='bbox 792 1187 853 1244; x_wconf 89' lang='grc'>797</span> <span class='ocrx_word' id='word_1_53' title='bbox 874 1211 913 1241; x_wconf 91' lang='lat'>=</span> <span class='ocrx_word' id='word_1_54' title='bbox 1001 1184 1062 1243; x_wconf 87' lang='grc'>756</span> <span class='ocrx_word' id='word_1_55' title='bbox 1144 1209 1187 1234; x_wconf 81' lang='lat'><strong><em>=</em></strong></span> <span class='ocrx_word' id='word_1_56' title='bbox 1207 1184 1237 1243; x_wconf 93' lang='grc' dir='ltr'>Π</span> <span class='ocrx_word' id='word_1_57' title='bbox 1255 1185 1318 1242; x_wconf 87' lang='grc'>864</span> 
     </span>
     <span class='ocr_line' id='line_1_11' title="bbox 564 1265 1133 1356; baseline -0.005 -23"><span class='ocrx_word' id='word_1_58' title='bbox 564 1267 635 1356; x_wconf 80' lang='lat' dir='ltr'>(Gn.</span> <span class='ocrx_word' id='word_1_59' title='bbox 655 1272 697 1331; x_wconf 94' lang='grc'>60</span> <span class='ocrx_word' id='word_1_60' title='bbox 714 1290 791 1352; x_wconf 92' lang='lat' dir='ltr'>sqq.,</span> <span class='ocrx_word' id='word_1_61' title='bbox 810 1273 865 1331; x_wconf 86' lang='lat' dir='ltr'>To.</span> <span class='ocrx_word' id='word_1_62' title='bbox 885 1271 957 1350; x_wconf 84' lang='grc'><strong>551,</strong></span> <span class='ocrx_word' id='word_1_63' title='bbox 976 1271 1026 1331; x_wconf 90' lang='lat' dir='ltr'>Br.</span> <span class='ocrx_word' id='word_1_64' title='bbox 1046 1265 1133 1352; x_wconf 92' lang='grc'><strong>206).</strong></span> 
     </span>
    </p>
   </div>
   <div class='ocr_carea' id='block_1_4' title="bbox 316 1371 1185 1880">
    <p class='ocr_par' dir='ltr' id='par_1_4' title="bbox 316 1371 1185 1880">
     <span class='ocr_line' id='line_1_12' title="bbox 361 1371 920 1453; baseline -0.011 -14"><span class='ocrx_word' id='word_1_65' title='bbox 361 1379 414 1438; x_wconf 88' lang='lat' dir='ltr'>Vv.</span> <span class='ocrx_word' id='word_1_66' title='bbox 433 1371 449 1435; x_wconf 87' lang='lat'>1</span> <span class='ocrx_word' id='word_1_67' title='bbox 467 1377 529 1435; x_wconf 91' lang='grc'><strong>670</strong></span> <span class='ocrx_word' id='word_1_68' title='bbox 547 1393 613 1453; x_wconf 86' lang='lat' dir='ltr'><strong>sqq.</strong></span> <span class='ocrx_word' id='word_1_69' title='bbox 917 1437 920 1446; x_wconf 21' lang='grc' dir='ltr'><strong><em>Δ</em></strong></span> 
     </span>
     <span class='ocr_line' id='line_1_13' title="bbox 316 1459 1059 1538; baseline -0.009 -14"><span class='ocrx_word' id='word_1_70' title='bbox 316 1483 383 1524; x_wconf 90' lang='lat' dir='ltr'>uam</span> <span class='ocrx_word' id='word_1_71' title='bbox 402 1463 607 1538; x_wconf 91' lang='lat' dir='ltr'>quodcumque</span> <span class='ocrx_word' id='word_1_72' title='bbox 625 1461 686 1520; x_wconf 89' lang='lat' dir='ltr'>suis</span> <span class='ocrx_word' id='word_1_73' title='bbox 704 1465 847 1521; x_wconf 86' lang='lat' dir='ltr'>mutatum</span> <span class='ocrx_word' id='word_1_74' title='bbox 863 1459 970 1522; x_wconf 89' lang='lat' dir='ltr'>finibus</span> <span class='ocrx_word' id='word_1_75' title='bbox 989 1459 1059 1537; x_wconf 81' lang='lat' dir='ltr'>exit,</span> 
     </span>
     <span class='ocr_line' id='line_1_14' title="bbox 317 1545 1051 1622; baseline -0.007 -13"><span class='ocrx_word' id='word_1_76' title='bbox 317 1549 454 1609; x_wconf 90' lang='lat' dir='ltr'>continuo</span> <span class='ocrx_word' id='word_1_77' title='bbox 472 1547 529 1607; x_wconf 90' lang='lat' dir='ltr'>hoc</span> <span class='ocrx_word' id='word_1_78' title='bbox 546 1564 625 1606; x_wconf 86' lang='lat' dir='ltr'>mora</span> <span class='ocrx_word' id='word_1_79' title='bbox 644 1551 690 1606; x_wconf 88' lang='lat' dir='ltr'>est</span> <span class='ocrx_word' id='word_1_80' title='bbox 706 1546 784 1606; x_wconf 88' lang='lat' dir='ltr'>illius</span> <span class='ocrx_word' id='word_1_81' title='bbox 803 1546 882 1622; x_wconf 90' lang='lat' dir='ltr'>qnod</span> <span class='ocrx_word' id='word_1_82' title='bbox 899 1545 955 1606; x_wconf 83' lang='lat' dir='ltr'>fuit</span> <span class='ocrx_word' id='word_1_83' title='bbox 973 1551 1051 1606; x_wconf 86' lang='lat' dir='ltr'>anto.</span> 
     </span>
     <span class='ocr_line' id='line_1_15' title="bbox 318 1630 1185 1711; baseline -0.006 -17"><span class='ocrx_word' id='word_1_84' title='bbox 318 1634 443 1711; x_wconf 84' lang='lat' dir='ltr'>proinde</span> <span class='ocrx_word' id='word_1_85' title='bbox 461 1633 566 1710; x_wconf 80' lang='lat' dir='ltr'>aliquit</span> <span class='ocrx_word' id='word_1_86' title='bbox 583 1649 725 1707; x_wconf 88' lang='lat' dir='ltr'>superare</span> <span class='ocrx_word' id='word_1_87' title='bbox 742 1650 864 1693; x_wconf 87' lang='lat' dir='ltr'>necesse</span> <span class='ocrx_word' id='word_1_88' title='bbox 883 1637 929 1691; x_wconf 90' lang='lat' dir='ltr'>est</span> <span class='ocrx_word' id='word_1_89' title='bbox 946 1632 1091 1691; x_wconf 82' lang='lat' dir='ltr'>incolume</span> <span class='ocrx_word' id='word_1_90' title='bbox 1109 1630 1185 1708; x_wconf 92' lang='lat' dir='ltr'>ollis,</span> 
     </span>
     <span class='ocr_line' id='line_1_16' title="bbox 318 1717 1072 1780; baseline -0.007 -1"><span class='ocrx_word' id='word_1_91' title='bbox 318 1739 357 1779; x_wconf 90' lang='lat' dir='ltr'>ne</span> <span class='ocrx_word' id='word_1_92' title='bbox 375 1720 431 1780; x_wconf 90' lang='lat' dir='ltr'>tibi</span> <span class='ocrx_word' id='word_1_93' title='bbox 447 1737 496 1780; x_wconf 86' lang='lat' dir='ltr'>ros</span> <span class='ocrx_word' id='word_1_94' title='bbox 514 1718 641 1778; x_wconf 81' lang='lat' dir='ltr'>redeant</span> <span class='ocrx_word' id='word_1_95' title='bbox 658 1718 697 1777; x_wconf 91' lang='lat' dir='ltr'>ad</span> <span class='ocrx_word' id='word_1_96' title='bbox 715 1717 805 1777; x_wconf 90' lang='lat' dir='ltr'>nilum</span> <span class='ocrx_word' id='word_1_97' title='bbox 822 1717 953 1778; x_wconf 84' lang='lat' dir='ltr'>funditus</span> <span class='ocrx_word' id='word_1_98' title='bbox 972 1734 1072 1777; x_wconf 87' lang='lat' dir='ltr'>omnes</span> 
     </span>
     <span class='ocr_line' id='line_1_17' title="bbox 319 1804 985 1880; baseline -0.002 -16"><span class='ocrx_word' id='word_1_99' title='bbox 319 1806 357 1865; x_wconf 90' lang='lat' dir='ltr'>de</span> <span class='ocrx_word' id='word_1_100' title='bbox 372 1806 492 1880; x_wconf 89' lang='lat' dir='ltr'>niloque</span> <span class='ocrx_word' id='word_1_101' title='bbox 510 1808 615 1863; x_wconf 86' lang='lat' dir='ltr'>renata</span> <span class='ocrx_word' id='word_1_102' title='bbox 632 1804 767 1879; x_wconf 79' lang='lat' dir='ltr'>vigescat</span> <span class='ocrx_word' id='word_1_103' title='bbox 785 1805 871 1880; x_wconf 87' lang='lat' dir='ltr'>copia</span> <span class='ocrx_word' id='word_1_104' title='bbox 887 1822 985 1864; x_wconf 87' lang='lat' dir='ltr'>rernm</span> 
     </span>
    </p>
   </div>
   <div class='ocr_carea' id='block_1_5' title="bbox 199 1901 1470 3953">
    <p class='ocr_par' dir='ltr' id='par_1_5' title="bbox 199 1901 1470 3953">
     <span class='ocr_line' id='line_1_18' title="bbox 277 1901 1403 1983; baseline -0.006 -16"><span class='ocrx_word' id='word_1_105' title='bbox 277 1908 334 1968; x_wconf 82' lang='lat' dir='ltr'>Gn.</span> <span class='ocrx_word' id='word_1_106' title='bbox 354 1910 512 1983; x_wconf 87' lang='lat' dir='ltr'>propterea</span> <span class='ocrx_word' id='word_1_107' title='bbox 536 1905 719 1981; x_wconf 89' lang='lat' dir='ltr'>potissimum</span> <span class='ocrx_word' id='word_1_108' title='bbox 744 1909 841 1965; x_wconf 85' lang='lat' dir='ltr'>tentat</span> <span class='ocrx_word' id='word_1_109' title='bbox 866 1906 945 1980; x_wconf 92' lang='lat' dir='ltr'>quod</span> <span class='ocrx_word' id='word_1_110' title='bbox 968 1903 1106 1963; x_wconf 90' lang='lat' dir='ltr'>Lucretio</span> <span class='ocrx_word' id='word_1_111' title='bbox 1128 1903 1311 1963; x_wconf 80' lang='lat' dir='ltr'>Heraclitum</span> <span class='ocrx_word' id='word_1_112' title='bbox 1328 1901 1403 1960; x_wconf 88' lang='lat' dir='ltr'>sius-</span> 
     </span>
     <span class='ocr_line' id='line_1_19' title="bbox 277 1983 1470 2070; baseline -0.008 -17"><span class='ocrx_word' id='word_1_113' title='bbox 277 2011 334 2068; x_wconf 88' lang='lat' dir='ltr'>qus</span> <span class='ocrx_word' id='word_1_114' title='bbox 372 1997 535 2053; x_wconf 82' lang='lat' dir='ltr'>sectatores</span> <span class='ocrx_word' id='word_1_115' title='bbox 569 1992 629 2070; x_wconf 89' lang='lat' dir='ltr'>„ad</span> <span class='ocrx_word' id='word_1_116' title='bbox 661 1989 821 2050; x_wconf 88' lang='lat' dir='ltr'>absurdum</span> <span class='ocrx_word' id='word_1_117' title='bbox 854 1989 983 2051; x_wconf 83' lang='lat' dir='ltr'>ducere“</span> <span class='ocrx_word' id='word_1_118' title='bbox 1020 1989 1131 2049; x_wconf 90' lang='lat' dir='ltr'>volenti</span> <span class='ocrx_word' id='word_1_119' title='bbox 1161 2008 1210 2047; x_wconf 85' lang='lat' dir='ltr'>vv.</span> <span class='ocrx_word' id='word_1_120' title='bbox 1244 1988 1306 2044; x_wconf 91' lang='grc'>672</span> <span class='ocrx_word' id='word_1_121' title='bbox 1337 2003 1403 2062; x_wconf 85' lang='lat' dir='ltr'>sqq.</span> <span class='ocrx_word' id='word_1_122' title='bbox 1469 1983 1470 1988; x_wconf 74' lang='grc'>’</span> 
     </span>
     <span class='ocr_line' id='line_1_20' title="bbox 277 2073 1405 2154; baseline -0.007 -16"><span class='ocrx_word' id='word_1_123' title='bbox 277 2079 383 2139; x_wconf 88' lang='lat' dir='ltr'>obsint.</span> <span class='ocrx_word' id='word_1_124' title='bbox 441 2076 482 2136; x_wconf 80' lang='lat' dir='ltr'>At</span> <span class='ocrx_word' id='word_1_125' title='bbox 503 2077 577 2136; x_wconf 88' lang='lat' dir='ltr'>haec</span> <span class='ocrx_word' id='word_1_126' title='bbox 610 2075 761 2135; x_wconf 89' lang='lat' dir='ltr'>deductio</span> <span class='ocrx_word' id='word_1_127' title='bbox 791 2074 890 2136; x_wconf 89' lang='lat' dir='ltr'>finitur</span> <span class='ocrx_word' id='word_1_128' title='bbox 920 2095 949 2136; x_wconf 88' lang='lat' dir='ltr'>v.</span> <span class='ocrx_word' id='word_1_129' title='bbox 976 2077 1055 2154; x_wconf 80' lang='lat'><strong>671;</strong></span> <span class='ocrx_word' id='word_1_130' title='bbox 1080 2073 1298 2150; x_wconf 81' lang='lat' dir='ltr'>argumentatio</span> <span class='ocrx_word' id='word_1_131' title='bbox 1327 2073 1405 2132; x_wconf 89' lang='lat' dir='ltr'>enim</span> 
     </span>
     <span class='ocr_line' id='line_1_21' title="bbox 276 2160 1405 2238; baseline -0.005 -15"><span class='ocrx_word' id='word_1_132' title='bbox 276 2165 415 2223; x_wconf 86' lang='lat' dir='ltr'>universa</span> <span class='ocrx_word' id='word_1_133' title='bbox 441 2168 487 2223; x_wconf 88' lang='lat' dir='ltr'>est</span> <span class='ocrx_word' id='word_1_134' title='bbox 507 2161 599 2221; x_wconf 86' lang='lat' dir='ltr'>haec:</span> <span class='ocrx_word' id='word_1_135' title='bbox 624 2162 649 2220; x_wconf 87' lang='lat' dir='ltr'>si</span> <span class='ocrx_word' id='word_1_136' title='bbox 673 2162 752 2237; x_wconf 88' lang='lat' dir='ltr'>ignis</span> <span class='ocrx_word' id='word_1_137' title='bbox 774 2161 804 2220; x_wconf 91' lang='lat' dir='ltr'>in</span> <span class='ocrx_word' id='word_1_138' title='bbox 828 2167 913 2222; x_wconf 89' lang='lat' dir='ltr'>coetu</span> <span class='ocrx_word' id='word_1_139' title='bbox 931 2162 1024 2222; x_wconf 89' lang='lat' dir='ltr'>omnis</span> <span class='ocrx_word' id='word_1_140' title='bbox 1047 2160 1253 2238; x_wconf 83' lang='lat' dir='ltr'>exstinguitur,</span> <span class='ocrx_word' id='word_1_141' title='bbox 1275 2163 1405 2218; x_wconf 89' lang='lat' dir='ltr'>mutatur</span> 
     </span>
     <span class='ocr_line' id='line_1_22' title="bbox 277 2244 1405 2326; baseline -0.006 -18"><span class='ocrx_word' id='word_1_142' title='bbox 277 2255 307 2308; x_wconf 92' lang='lat' dir='ltr'>et</span> <span class='ocrx_word' id='word_1_143' title='bbox 324 2249 426 2308; x_wconf 86' lang='lat' dir='ltr'>interit</span> <span class='ocrx_word' id='word_1_144' title='bbox 444 2247 557 2326; x_wconf 82' lang='lat' dir='ltr'>omnis3</span> <span class='ocrx_word' id='word_1_145' title='bbox 584 2264 632 2306; x_wconf 89' lang='lat' dir='ltr'>res</span> <span class='ocrx_word' id='word_1_146' title='bbox 657 2247 750 2322; x_wconf 88' lang='lat' dir='ltr'>igitur</span> <span class='ocrx_word' id='word_1_147' title='bbox 772 2249 811 2307; x_wconf 91' lang='lat' dir='ltr'>ad</span> <span class='ocrx_word' id='word_1_148' title='bbox 835 2249 957 2307; x_wconf 90' lang='lat' dir='ltr'>nihilum</span> <span class='ocrx_word' id='word_1_149' title='bbox 974 2246 1099 2307; x_wconf 87' lang='lat' dir='ltr'>redeunt</span> <span class='ocrx_word' id='word_1_150' title='bbox 1117 2250 1147 2305; x_wconf 88' lang='lat' dir='ltr'>et</span> <span class='ocrx_word' id='word_1_151' title='bbox 1165 2263 1181 2305; x_wconf 94' lang='grc'>6</span> <span class='ocrx_word' id='word_1_152' title='bbox 1198 2245 1291 2304; x_wconf 89' lang='lat' dir='ltr'>nihilo</span> <span class='ocrx_word' id='word_1_153' title='bbox 1309 2244 1405 2302; x_wconf 90' lang='lat' dir='ltr'>oriun-</span> 
     </span>
     <span class='ocr_line' id='line_1_23' title="bbox 276 2329 1405 2414; baseline -0.008 -18"><span class='ocrx_word' id='word_1_154' title='bbox 276 2341 334 2414; x_wconf 87' lang='lat' dir='ltr'>tur,</span> <span class='ocrx_word' id='word_1_155' title='bbox 350 2353 418 2396; x_wconf 89' lang='lat' dir='ltr'>nam</span> <span class='ocrx_word' id='word_1_156' title='bbox 438 2378 445 2392; x_wconf 96' lang='lat'>.</span> <span class='ocrx_word' id='word_1_157' title='bbox 466 2378 473 2392; x_wconf 95' lang='lat'>.</span> <span class='ocrx_word' id='word_1_158' title='bbox 494 2353 520 2412; x_wconf 84' lang='lat'>.;</span> <span class='ocrx_word' id='word_1_159' title='bbox 543 2332 667 2408; x_wconf 89' lang='lat' dir='ltr'>proinde</span> <span class='ocrx_word' id='word_1_160' title='bbox 688 2367 724 2374; x_wconf 84' lang='lat'><em>-</em></span> <span class='ocrx_word' id='word_1_161' title='bbox 745 2349 782 2391; x_wconf 92' lang='lat' dir='ltr'>ne</span> <span class='ocrx_word' id='word_1_162' title='bbox 800 2351 848 2392; x_wconf 86' lang='lat' dir='ltr'>res</span> <span class='ocrx_word' id='word_1_163' title='bbox 866 2333 906 2392; x_wconf 87' lang='lat' dir='ltr'>ad</span> <span class='ocrx_word' id='word_1_164' title='bbox 923 2333 1046 2392; x_wconf 88' lang='lat' dir='ltr'>nihilum</span> <span class='ocrx_word' id='word_1_165' title='bbox 1063 2333 1187 2392; x_wconf 90' lang='lat' dir='ltr'>redeant</span> <span class='ocrx_word' id='word_1_166' title='bbox 1212 2336 1242 2391; x_wconf 87' lang='lat' dir='ltr'>et</span> <span class='ocrx_word' id='word_1_167' title='bbox 1259 2331 1296 2389; x_wconf 89' lang='grc'>66</span> <span class='ocrx_word' id='word_1_168' title='bbox 1313 2329 1405 2388; x_wconf 91' lang='lat' dir='ltr'>nihilo</span> 
     </span>
     <span class='ocr_line' id='line_1_24' title="bbox 278 2415 1404 2501; baseline -0.006 -21"><span class='ocrx_word' id='word_1_169' title='bbox 278 2425 452 2480; x_wconf 90' lang='lat' dir='ltr'>renascatur</span> <span class='ocrx_word' id='word_1_170' title='bbox 464 2419 556 2501; x_wconf 51' lang='lat' dir='ltr'>‚copia</span> <span class='ocrx_word' id='word_1_171' title='bbox 575 2435 673 2477; x_wconf 90' lang='lat' dir='ltr'>rernm</span> <span class='ocrx_word' id='word_1_172' title='bbox 690 2450 733 2461; x_wconf 81' lang='lat'>-—</span> <span class='ocrx_word' id='word_1_173' title='bbox 752 2417 864 2493; x_wconf 90' lang='lat' dir='ltr'>aliquid</span> <span class='ocrx_word' id='word_1_174' title='bbox 883 2435 1024 2494; x_wconf 90' lang='lat' dir='ltr'>superare</span> <span class='ocrx_word' id='word_1_175' title='bbox 1042 2434 1164 2476; x_wconf 88' lang='lat' dir='ltr'>necesse</span> <span class='ocrx_word' id='word_1_176' title='bbox 1184 2421 1229 2476; x_wconf 88' lang='lat' dir='ltr'>est</span> <span class='ocrx_word' id='word_1_177' title='bbox 1249 2415 1404 2474; x_wconf 90' lang='lat' dir='ltr'>incolume.</span> 
     </span>
     <span class='ocr_line' id='line_1_25' title="bbox 276 2504 1404 2584; baseline -0.005 -19"><span class='ocrx_word' id='word_1_178' title='bbox 276 2506 363 2566; x_wconf 86' lang='lat' dir='ltr'>Nunc</span> <span class='ocrx_word' id='word_1_179' title='bbox 381 2506 482 2584; x_wconf 88' lang='lat' dir='ltr'>igitur,</span> <span class='ocrx_word' id='word_1_180' title='bbox 501 2504 640 2579; x_wconf 91' lang='lat' dir='ltr'>quoniam</span> <span class='ocrx_word' id='word_1_181' title='bbox 658 2504 822 2564; x_wconf 86' lang='lat' dir='ltr'>certissima</span> <span class='ocrx_word' id='word_1_182' title='bbox 841 2505 986 2579; x_wconf 91' lang='lat' dir='ltr'>quaedam</span> <span class='ocrx_word' id='word_1_183' title='bbox 1004 2520 1129 2578; x_wconf 89' lang='lat' dir='ltr'>corpora</span> <span class='ocrx_word' id='word_1_184' title='bbox 1147 2506 1225 2580; x_wconf 87' lang='lat' dir='ltr'>sunt,</span> <span class='ocrx_word' id='word_1_185' title='bbox 1245 2518 1321 2576; x_wconf 85' lang='lat' dir='ltr'>quae</span> <span class='ocrx_word' id='word_1_186' title='bbox 1336 2519 1404 2559; x_wconf 89' lang='lat' dir='ltr'>can-</span> 
     </span>
     <span class='ocr_line' id='line_1_26' title="bbox 277 2585 1405 2671; baseline -0.005 -21"><span class='ocrx_word' id='word_1_187' title='bbox 277 2592 344 2650; x_wconf 90' lang='lat' dir='ltr'>dem</span> <span class='ocrx_word' id='word_1_188' title='bbox 362 2607 478 2666; x_wconf 84' lang='lat' dir='ltr'>semper</span> <span class='ocrx_word' id='word_1_189' title='bbox 496 2594 616 2650; x_wconf 88' lang='lat' dir='ltr'>servant</span> <span class='ocrx_word' id='word_1_190' title='bbox 632 2594 767 2649; x_wconf 88' lang='lat' dir='ltr'>naturam</span> <span class='ocrx_word' id='word_1_191' title='bbox 786 2585 820 2671; x_wconf 85' lang='lat' dir='ltr'>(i.</span> <span class='ocrx_word' id='word_1_192' title='bbox 839 2608 865 2650; x_wconf 92' lang='grc'>6.</span> <span class='ocrx_word' id='word_1_193' title='bbox 885 2590 1024 2665; x_wconf 89' lang='lat' dir='ltr'>quoniam</span> <span class='ocrx_word' id='word_1_194' title='bbox 1041 2587 1155 2664; x_wconf 93' lang='lat' dir='ltr'>aliquid</span> <span class='ocrx_word' id='word_1_195' title='bbox 1173 2592 1308 2663; x_wconf 87' lang='lat' dir='ltr'>superest</span> <span class='ocrx_word' id='word_1_196' title='bbox 1325 2586 1405 2645; x_wconf 91' lang='lat' dir='ltr'>inco·</span> 
     </span>
     <span class='ocr_line' id='line_1_27' title="bbox 276 2672 1405 2758; baseline -0.004 -23"><span class='ocrx_word' id='word_1_197' title='bbox 276 2672 383 2758; x_wconf 88' lang='lat' dir='ltr'>lume),</span> <span class='ocrx_word' id='word_1_198' title='bbox 409 2675 484 2736; x_wconf 86' lang='lat' dir='ltr'>haec</span> <span class='ocrx_word' id='word_1_199' title='bbox 506 2692 632 2750; x_wconf 89' lang='lat' dir='ltr'>corpora</span> <span class='ocrx_word' id='word_1_200' title='bbox 649 2675 740 2750; x_wconf 88' lang='lat' dir='ltr'>ignea</span> <span class='ocrx_word' id='word_1_201' title='bbox 758 2693 899 2735; x_wconf 90' lang='lat' dir='ltr'>essenon</span> <span class='ocrx_word' id='word_1_202' title='bbox 917 2680 1041 2751; x_wconf 88' lang='lat' dir='ltr'>possunt</span> <span class='ocrx_word' id='word_1_203' title='bbox 1059 2719 1066 2733; x_wconf 96' lang='lat'>.</span> <span class='ocrx_word' id='word_1_204' title='bbox 1086 2718 1094 2735; x_wconf 96' lang='lat'>.</span> <span class='ocrx_word' id='word_1_205' title='bbox 1114 2718 1122 2734; x_wconf 96' lang='lat'>.</span> <span class='ocrx_word' id='word_1_206' title='bbox 1145 2673 1215 2732; x_wconf 87' lang='lat' dir='ltr'>Noli</span> <span class='ocrx_word' id='word_1_207' title='bbox 1233 2677 1405 2748; x_wconf 84' lang='lat' dir='ltr'>exspectare</span> 
     </span>
     <span class='ocr_line' id='line_1_28' title="bbox 277 2758 1406 2836; baseline -0.004 -16"><span class='ocrx_word' id='word_1_208' title='bbox 277 2795 319 2806; x_wconf 93' lang='lat'>—</span> <span class='ocrx_word' id='word_1_209' title='bbox 348 2761 405 2821; x_wconf 91' lang='lat' dir='ltr'>hoc</span> <span class='ocrx_word' id='word_1_210' title='bbox 440 2761 537 2821; x_wconf 90' lang='lat' dir='ltr'>obiter</span> <span class='ocrx_word' id='word_1_211' title='bbox 569 2759 681 2820; x_wconf 86' lang='lat' dir='ltr'>addere</span> <span class='ocrx_word' id='word_1_212' title='bbox 714 2761 803 2820; x_wconf 89' lang='lat' dir='ltr'>liccat</span> <span class='ocrx_word' id='word_1_213' title='bbox 832 2794 874 2803; x_wconf 93' lang='lat'><strong>—</strong></span> <span class='ocrx_word' id='word_1_214' title='bbox 903 2765 936 2820; x_wconf 89' lang='lat' dir='ltr'>ut</span> <span class='ocrx_word' id='word_1_215' title='bbox 963 2761 1151 2836; x_wconf 87' lang='lat' dir='ltr'>syllogismus</span> <span class='ocrx_word' id='word_1_216' title='bbox 1182 2759 1271 2819; x_wconf 87' lang='lat' dir='ltr'>latius</span> <span class='ocrx_word' id='word_1_217' title='bbox 1299 2758 1406 2833; x_wconf 86' lang='lat' dir='ltr'>perdu-</span> 
     </span>
     <span class='ocr_line' id='line_1_29' title="bbox 199 2845 1408 2926; baseline -0.005 -19"><span class='ocrx_word' id='word_1_218' title='bbox 199 2847 203 2853; x_wconf 75' lang='grc'><strong>’</strong></span> <span class='ocrx_word' id='word_1_219' title='bbox 279 2852 375 2926; x_wconf 84' lang='lat' dir='ltr'>catur,</span> <span class='ocrx_word' id='word_1_220' title='bbox 400 2846 458 2906; x_wconf 93' lang='lat' dir='ltr'>ita:</span> <span class='ocrx_word' id='word_1_221' title='bbox 486 2846 531 2926; x_wconf 89' lang='lat' dir='ltr'>„si</span> <span class='ocrx_word' id='word_1_222' title='bbox 558 2862 691 2924; x_wconf 88' lang='lat' dir='ltr'>corpora,</span> <span class='ocrx_word' id='word_1_223' title='bbox 719 2863 796 2920; x_wconf 88' lang='lat' dir='ltr'>quae</span> <span class='ocrx_word' id='word_1_224' title='bbox 821 2863 976 2922; x_wconf 88' lang='lat' dir='ltr'>superesse</span> <span class='ocrx_word' id='word_1_225' title='bbox 1003 2846 1129 2924; x_wconf 91' lang='lat' dir='ltr'>debent,</span> <span class='ocrx_word' id='word_1_226' title='bbox 1154 2845 1244 2920; x_wconf 87' lang='lat' dir='ltr'>ignea</span> <span class='ocrx_word' id='word_1_227' title='bbox 1265 2861 1408 2904; x_wconf 86' lang='lat' dir='ltr'>essenon</span> 
     </span>
     <span class='ocr_line' id='line_1_30' title="bbox 279 2929 1408 3010; baseline -0.004 -16"><span class='ocrx_word' id='word_1_228' title='bbox 279 2937 414 3010; x_wconf 86' lang='lat' dir='ltr'>possunt,</span> <span class='ocrx_word' id='word_1_229' title='bbox 433 2932 512 3008; x_wconf 89' lang='lat' dir='ltr'>ignis</span> <span class='ocrx_word' id='word_1_230' title='bbox 530 2932 561 2990; x_wconf 90' lang='lat' dir='ltr'>in</span> <span class='ocrx_word' id='word_1_231' title='bbox 578 2931 748 2991; x_wconf 88' lang='lat' dir='ltr'>universum</span> <span class='ocrx_word' id='word_1_232' title='bbox 765 2931 942 3006; x_wconf 89' lang='lat' dir='ltr'>principium</span> <span class='ocrx_word' id='word_1_233' title='bbox 961 2948 1026 2990; x_wconf 88' lang='lat' dir='ltr'>esse</span> <span class='ocrx_word' id='word_1_234' title='bbox 1044 2929 1178 3006; x_wconf 83' lang='lat' dir='ltr'>nequit“.</span> <span class='ocrx_word' id='word_1_235' title='bbox 1228 2929 1306 2989; x_wconf 87' lang='lat' dir='ltr'>Nam</span> <span class='ocrx_word' id='word_1_236' title='bbox 1330 2931 1408 2989; x_wconf 92' lang='lat' dir='ltr'>solet</span> 
     </span>
     <span class='ocr_line' id='line_1_31' title="bbox 279 3015 1407 3096; baseline -0.004 -18"><span class='ocrx_word' id='word_1_237' title='bbox 279 3019 368 3078; x_wconf 87' lang='lat' dir='ltr'>Lucr.</span> <span class='ocrx_word' id='word_1_238' title='bbox 388 3020 425 3077; x_wconf 90' lang='grc'>66</span> <span class='ocrx_word' id='word_1_239' title='bbox 443 3017 567 3094; x_wconf 87' lang='lat' dir='ltr'>singulis</span> <span class='ocrx_word' id='word_1_240' title='bbox 585 3021 789 3093; x_wconf 84' lang='lat' dir='ltr'>argumentum</span> <span class='ocrx_word' id='word_1_241' title='bbox 804 3021 916 3096; x_wconf 89' lang='lat' dir='ltr'>petere,</span> <span class='ocrx_word' id='word_1_242' title='bbox 937 3018 1015 3092; x_wconf 91' lang='lat' dir='ltr'>quod</span> <span class='ocrx_word' id='word_1_243' title='bbox 1031 3023 1081 3076; x_wconf 88' lang='lat' dir='ltr'>aut</span> <span class='ocrx_word' id='word_1_244' title='bbox 1095 3015 1237 3076; x_wconf 85' lang='lat' dir='ltr'>transfert</span> <span class='ocrx_word' id='word_1_245' title='bbox 1251 3021 1302 3076; x_wconf 91' lang='lat' dir='ltr'>aut</span> <span class='ocrx_word' id='word_1_246' title='bbox 1312 3019 1407 3074; x_wconf 90' lang='lat' dir='ltr'>trans·</span> 
     </span>
     <span class='ocr_line' id='line_1_32' title="bbox 278 3101 1408 3177; baseline -0.003 -16"><span class='ocrx_word' id='word_1_247' title='bbox 278 3103 350 3164; x_wconf 85' lang='lat' dir='ltr'>ferri</span> <span class='ocrx_word' id='word_1_248' title='bbox 372 3105 436 3163; x_wconf 86' lang='lat' dir='ltr'>vult</span> <span class='ocrx_word' id='word_1_249' title='bbox 460 3104 499 3163; x_wconf 87' lang='lat' dir='ltr'>ad</span> <span class='ocrx_word' id='word_1_250' title='bbox 525 3103 622 3162; x_wconf 90' lang='lat' dir='ltr'>omnia</span> <span class='ocrx_word' id='word_1_251' title='bbox 649 3103 765 3162; x_wconf 89' lang='lat' dir='ltr'>similia.</span> <span class='ocrx_word' id='word_1_252' title='bbox 808 3103 894 3163; x_wconf 90' lang='lat' dir='ltr'>Velut</span> <span class='ocrx_word' id='word_1_253' title='bbox 915 3103 958 3161; x_wconf 94' lang='lat' dir='ltr'>IV</span> <span class='ocrx_word' id='word_1_254' title='bbox 980 3103 1019 3160; x_wconf 91' lang='grc'>63</span> <span class='ocrx_word' id='word_1_255' title='bbox 1044 3120 1088 3177; x_wconf 91' lang='lat' dir='ltr'>sq.</span> <span class='ocrx_word' id='word_1_256' title='bbox 1110 3101 1282 3177; x_wconf 89' lang='lat' dir='ltr'>quoniam</span> <span class='ocrx_word' id='word_1_257' title='bbox 1299 3103 1408 3161; x_wconf 90' lang='lat' dir='ltr'>robora</span> 
     </span>
     <span class='ocr_line' id='line_1_33' title="bbox 278 3187 1406 3266; baseline -0.004 -17"><span class='ocrx_word' id='word_1_258' title='bbox 278 3189 388 3249; x_wconf 83' lang='lat' dir='ltr'>firmum</span> <span class='ocrx_word' id='word_1_259' title='bbox 413 3189 532 3248; x_wconf 87' lang='lat' dir='ltr'>mittunt</span> <span class='ocrx_word' id='word_1_260' title='bbox 555 3233 562 3248; x_wconf 93' lang='lat'>.</span> <span class='ocrx_word' id='word_1_261' title='bbox 583 3232 618 3266; x_wconf 89' lang='lat'>.,</span> <span class='ocrx_word' id='word_1_262' title='bbox 649 3189 746 3248; x_wconf 87' lang='lat' dir='ltr'>tenuis</span> <span class='ocrx_word' id='word_1_263' title='bbox 768 3206 884 3263; x_wconf 87' lang='lat' dir='ltr'>qnoque</span> <span class='ocrx_word' id='word_1_264' title='bbox 906 3188 995 3248; x_wconf 84' lang='lat' dir='ltr'>debet</span> <span class='ocrx_word' id='word_1_265' title='bbox 1020 3188 1118 3263; x_wconf 90' lang='lat' dir='ltr'>imago</span> <span class='ocrx_word' id='word_1_266' title='bbox 1142 3188 1180 3247; x_wconf 93' lang='lat' dir='ltr'>ab</span> <span class='ocrx_word' id='word_1_267' title='bbox 1209 3189 1297 3248; x_wconf 87' lang='lat' dir='ltr'>rebus</span> <span class='ocrx_word' id='word_1_268' title='bbox 1319 3187 1406 3246; x_wconf 86' lang='lat' dir='ltr'>mitti.</span> 
     </span>
     <span class='ocr_line' id='line_1_34' title="bbox 279 3272 1407 3349; baseline -0.004 -15"><span class='ocrx_word' id='word_1_269' title='bbox 279 3272 316 3334; x_wconf 84' lang='lat' dir='ltr'>cf.</span> <span class='ocrx_word' id='word_1_270' title='bbox 335 3275 361 3334; x_wconf 94' lang='lat' dir='ltr'>V</span> <span class='ocrx_word' id='word_1_271' title='bbox 379 3275 459 3332; x_wconf 87' lang='grc'><strong>1041</strong></span> <span class='ocrx_word' id='word_1_272' title='bbox 479 3291 545 3349; x_wconf 90' lang='lat' dir='ltr'>sqq.</span> <span class='ocrx_word' id='word_1_273' title='bbox 563 3279 667 3348; x_wconf 89' lang='lat' dir='ltr'>putare</span> <span class='ocrx_word' id='word_1_274' title='bbox 686 3273 812 3348; x_wconf 88' lang='lat' dir='ltr'>aliquem</span> <span class='ocrx_word' id='word_1_275' title='bbox 830 3274 949 3333; x_wconf 90' lang='lat' dir='ltr'>nomina</span> <span class='ocrx_word' id='word_1_276' title='bbox 967 3273 1150 3333; x_wconf 85' lang='lat' dir='ltr'>distribuisse</span> <span class='ocrx_word' id='word_1_277' title='bbox 1168 3274 1256 3333; x_wconf 90' lang='lat' dir='ltr'>rebus</span> <span class='ocrx_word' id='word_1_278' title='bbox 1275 3318 1283 3332; x_wconf 89' lang='lat'>.</span> <span class='ocrx_word' id='word_1_279' title='bbox 1304 3316 1311 3332; x_wconf 96' lang='lat'>.</span> <span class='ocrx_word' id='word_1_280' title='bbox 1330 3272 1407 3332; x_wconf 88' lang='lat' dir='ltr'>dosi-</span> 
     </span>
     <span class='ocr_line' id='line_1_35' title="bbox 278 3358 1407 3439; baseline -0.002 -20"><span class='ocrx_word' id='word_1_281' title='bbox 278 3363 394 3438; x_wconf 80' lang='lat' dir='ltr'>perest3</span> <span class='ocrx_word' id='word_1_282' title='bbox 413 3377 480 3419; x_wconf 92' lang='lat' dir='ltr'>nam</span> <span class='ocrx_word' id='word_1_283' title='bbox 498 3377 551 3418; x_wconf 89' lang='lat' dir='ltr'>cur</span> <span class='ocrx_word' id='word_1_284' title='bbox 568 3359 632 3417; x_wconf 92' lang='lat' dir='ltr'>hic</span> <span class='ocrx_word' id='word_1_285' title='bbox 649 3363 750 3434; x_wconf 89' lang='lat' dir='ltr'>posset</span> <span class='ocrx_word' id='word_1_286' title='bbox 768 3364 874 3419; x_wconf 89' lang='lat' dir='ltr'>cuncta</span> <span class='ocrx_word' id='word_1_287' title='bbox 891 3364 995 3418; x_wconf 88' lang='lat' dir='ltr'>notare</span> <span class='ocrx_word' id='word_1_288' title='bbox 1013 3359 1145 3439; x_wconf 88' lang='lat' dir='ltr'>vocibus,</span> <span class='ocrx_word' id='word_1_289' title='bbox 1168 3359 1240 3420; x_wconf 91' lang='lat' dir='ltr'>alii</span> <span class='ocrx_word' id='word_1_290' title='bbox 1259 3359 1358 3418; x_wconf 85' lang='lat' dir='ltr'>facere</span> <span class='ocrx_word' id='word_1_291' title='bbox 1375 3358 1407 3417; x_wconf 94' lang='lat' dir='ltr'>id</span> 
     </span>
     <span class='ocr_line' id='line_1_36' title="bbox 278 3440 1406 3523; baseline -0.003 -18"><span class='ocrx_word' id='word_1_292' title='bbox 278 3460 337 3505; x_wconf 90' lang='lat' dir='ltr'>non</span> <span class='ocrx_word' id='word_1_293' title='bbox 363 3445 462 3519; x_wconf 87' lang='lat' dir='ltr'>quisse</span> <span class='ocrx_word' id='word_1_294' title='bbox 486 3444 649 3519; x_wconf 88' lang='lat' dir='ltr'>putentur?</span> <span class='ocrx_word' id='word_1_295' title='bbox 677 3445 782 3519; x_wconf 88' lang='lat' dir='ltr'>Itaque</span> <span class='ocrx_word' id='word_1_296' title='bbox 806 3443 900 3502; x_wconf 87' lang='grc'><strong>1578</strong></span> <span class='ocrx_word' id='word_1_297' title='bbox 926 3450 1008 3504; x_wconf 87' lang='lat' dir='ltr'>recte</span> <span class='ocrx_word' id='word_1_298' title='bbox 1030 3444 1190 3506; x_wconf 84' lang='lat' dir='ltr'>Lambinus</span> <span class='ocrx_word' id='word_1_299' title='bbox 1220 3440 1406 3523; x_wconf 84' lang='lat' dir='ltr'>„quaedam“</span> 
     </span>
     <span class='ocr_line' id='line_1_37' title="bbox 279 3517 1406 3611; baseline -0.002 -21"><span class='ocrx_word' id='word_1_300' title='bbox 279 3535 386 3608; x_wconf 73' lang='lat' dir='ltr'>poetae</span> <span class='ocrx_word' id='word_1_301' title='bbox 408 3529 547 3590; x_wconf 88' lang='lat' dir='ltr'>reddidit.</span> <span class='ocrx_word' id='word_1_302' title='bbox 589 3529 742 3605; x_wconf 87' lang='lat' dir='ltr'>Scriptura</span> <span class='ocrx_word' id='word_1_303' title='bbox 759 3531 836 3590; x_wconf 87' lang='lat' dir='ltr'>enim</span> <span class='ocrx_word' id='word_1_304' title='bbox 855 3527 1043 3611; x_wconf 86' lang='lat' dir='ltr'>„quaeque“,</span> <span class='ocrx_word' id='word_1_305' title='bbox 1062 3549 1150 3606; x_wconf 91' lang='lat' dir='ltr'>qnam</span> <span class='ocrx_word' id='word_1_306' title='bbox 1168 3532 1271 3590; x_wconf 86' lang='lat' dir='ltr'>llunro</span> <span class='ocrx_word' id='word_1_307' title='bbox 1289 3517 1406 3608; x_wconf 87' lang='lat' dir='ltr'>retinet,</span> 
     </span>
     <span class='ocr_line' id='line_1_38' title="bbox 284 3613 710 3693; baseline -0.007 -15"><span class='ocrx_word' id='word_1_308' title='bbox 284 3615 446 3693; x_wconf 90' lang='lat' dir='ltr'>superandi</span> <span class='ocrx_word' id='word_1_309' title='bbox 463 3633 538 3676; x_wconf 88' lang='lat' dir='ltr'>voce</span> <span class='ocrx_word' id='word_1_310' title='bbox 555 3613 710 3675; x_wconf 80' lang='lat' dir='ltr'>refellitur.</span> 
     </span>
     <span class='ocr_line' id='line_1_39' title="bbox 364 3718 602 3795; baseline 0 -16"><span class='ocrx_word' id='word_1_311' title='bbox 364 3721 431 3779; x_wconf 93' lang='lat' dir='ltr'>Duo</span> <span class='ocrx_word' id='word_1_312' title='bbox 448 3718 536 3795; x_wconf 88' lang='lat' dir='ltr'>primi</span> <span class='ocrx_word' id='word_1_313' title='bbox 552 3737 602 3780; x_wconf 85' lang='lat' dir='ltr'>vv.</span> 
     </span>
     <span class='ocr_line' id='line_1_40' title="bbox 321 3803 745 3880; baseline -0.007 -13"><span class='ocrx_word' id='word_1_314' title='bbox 321 3824 390 3867; x_wconf 91' lang='lat' dir='ltr'>nam</span> <span class='ocrx_word' id='word_1_315' title='bbox 408 3806 612 3880; x_wconf 90' lang='lat' dir='ltr'>quodcumque</span> <span class='ocrx_word' id='word_1_316' title='bbox 630 3803 691 3865; x_wconf 87' lang='lat' dir='ltr'>suis</span> <span class='ocrx_word' id='word_1_317' title='bbox 710 3849 717 3864; x_wconf 98' lang='lat'>.</span> <span class='ocrx_word' id='word_1_318' title='bbox 737 3848 745 3864; x_wconf 96' lang='lat'>.</span> 
     </span>
     <span class='ocr_line' id='line_1_41' title="bbox 323 3890 754 3953; baseline -0.005 0"><span class='ocrx_word' id='word_1_319' title='bbox 323 3891 461 3953; x_wconf 88' lang='lat' dir='ltr'>continuo</span> <span class='ocrx_word' id='word_1_320' title='bbox 478 3890 537 3951; x_wconf 89' lang='lat' dir='ltr'>hoc</span> <span class='ocrx_word' id='word_1_321' title='bbox 554 3908 633 3951; x_wconf 88' lang='lat' dir='ltr'>mors</span> <span class='ocrx_word' id='word_1_322' title='bbox 652 3895 698 3952; x_wconf 91' lang='lat' dir='ltr'>est</span> <span class='ocrx_word' id='word_1_323' title='bbox 717 3935 725 3950; x_wconf 96' lang='lat'>.</span> <span class='ocrx_word' id='word_1_324' title='bbox 745 3935 754 3951; x_wconf 90' lang='lat'>.</span> 
     </span>
    </p>
   </div>
   <div class='ocr_carea' id='block_1_6' title="bbox 280 3992 1409 4331">
    <p class='ocr_par' dir='ltr' id='par_1_6' title="bbox 280 3992 1409 4331">
     <span class='ocr_line' id='line_1_42' title="bbox 280 3992 1409 4069; baseline -0.003 -14"><span class='ocrx_word' id='word_1_325' title='bbox 280 3997 435 4055; x_wconf 82' lang='lat' dir='ltr'>rccurnmt</span> <span class='ocrx_word' id='word_1_326' title='bbox 452 3994 496 4052; x_wconf 91' lang='lat' dir='ltr'>III</span> <span class='ocrx_word' id='word_1_327' title='bbox 514 3992 587 4054; x_wconf 88' lang='grc'><strong>519.</strong></span> <span class='ocrx_word' id='word_1_328' title='bbox 606 3995 658 4053; x_wconf 95' lang='grc'><strong>20.</strong></span> <span class='ocrx_word' id='word_1_329' title='bbox 700 3993 738 4053; x_wconf 91' lang='lat' dir='ltr'>H.</span> <span class='ocrx_word' id='word_1_330' title='bbox 757 3995 777 4054; x_wconf 89' lang='lat' dir='ltr'>l.</span> <span class='ocrx_word' id='word_1_331' title='bbox 803 3993 931 4055; x_wconf 89' lang='lat' dir='ltr'>animum</span> <span class='ocrx_word' id='word_1_332' title='bbox 956 3993 1112 4054; x_wconf 86' lang='lat' dir='ltr'>mortalem</span> <span class='ocrx_word' id='word_1_333' title='bbox 1130 4011 1195 4054; x_wconf 87' lang='lat' dir='ltr'>esse</span> <span class='ocrx_word' id='word_1_334' title='bbox 1214 4011 1249 4054; x_wconf 91' lang='lat' dir='ltr'>eo</span> <span class='ocrx_word' id='word_1_335' title='bbox 1266 3996 1409 4069; x_wconf 89' lang='lat' dir='ltr'>probatur</span> 
     </span>
     <span class='ocr_line' id='line_1_43' title="bbox 281 4080 1408 4158; baseline -0.003 -17"><span class='ocrx_word' id='word_1_336' title='bbox 281 4083 361 4156; x_wconf 90' lang='lat' dir='ltr'>quod</span> <span class='ocrx_word' id='word_1_337' title='bbox 378 4081 479 4140; x_wconf 87' lang='lat' dir='ltr'>sanari</span> <span class='ocrx_word' id='word_1_338' title='bbox 496 4084 605 4155; x_wconf 86' lang='lat' dir='ltr'>potest.</span> <span class='ocrx_word' id='word_1_339' title='bbox 657 4081 734 4139; x_wconf 88' lang='lat' dir='ltr'>Mira</span> <span class='ocrx_word' id='word_1_340' title='bbox 761 4081 878 4140; x_wconf 85' lang='lat' dir='ltr'>videtur</span> <span class='ocrx_word' id='word_1_341' title='bbox 895 4080 970 4139; x_wconf 85' lang='lat' dir='ltr'>haec</span> <span class='ocrx_word' id='word_1_342' title='bbox 988 4080 1146 4158; x_wconf 89' lang='lat' dir='ltr'>conclusio,</span> <span class='ocrx_word' id='word_1_343' title='bbox 1165 4080 1218 4139; x_wconf 91' lang='grc'>666</span> <span class='ocrx_word' id='word_1_344' title='bbox 1237 4081 1408 4140; x_wconf 71' lang='grc'><strong>66166666-</strong></span> 
     </span>
     <span class='ocr_line' id='line_1_44' title="bbox 280 4165 1408 4245; baseline -0.002 -19"><span class='ocrx_word' id='word_1_345' title='bbox 280 4167 371 4226; x_wconf 89' lang='lat' dir='ltr'>tiana.</span> <span class='ocrx_word' id='word_1_346' title='bbox 411 4167 487 4225; x_wconf 87' lang='lat' dir='ltr'>Nam</span> <span class='ocrx_word' id='word_1_347' title='bbox 505 4166 637 4225; x_wconf 88' lang='lat' dir='ltr'>sanando</span> <span class='ocrx_word' id='word_1_348' title='bbox 656 4166 769 4225; x_wconf 89' lang='lat' dir='ltr'>animus</span> <span class='ocrx_word' id='word_1_349' title='bbox 787 4171 931 4244; x_wconf 80' lang='lat' dir='ltr'>mutatnr3</span> <span class='ocrx_word' id='word_1_350' title='bbox 950 4167 1029 4240; x_wconf 92' lang='lat' dir='ltr'>quod</span> <span class='ocrx_word' id='word_1_351' title='bbox 1047 4171 1145 4224; x_wconf 90' lang='lat' dir='ltr'>autem</span> <span class='ocrx_word' id='word_1_352' title='bbox 1163 4170 1326 4245; x_wconf 85' lang='lat' dir='ltr'>mutatura</span> <span class='ocrx_word' id='word_1_353' title='bbox 1344 4165 1408 4224; x_wconf 88' lang='lat' dir='ltr'>fini-</span> 
     </span>
     <span class='ocr_line' id='line_1_45' title="bbox 281 4251 1407 4331; baseline -0.002 -19"><span class='ocrx_word' id='word_1_354' title='bbox 281 4252 336 4312; x_wconf 88' lang='lat' dir='ltr'>bus</span> <span class='ocrx_word' id='word_1_355' title='bbox 353 4251 432 4331; x_wconf 82' lang='lat' dir='ltr'>exit3</span> <span class='ocrx_word' id='word_1_356' title='bbox 460 4268 531 4325; x_wconf 88' lang='lat' dir='ltr'>ergo</span> <span class='ocrx_word' id='word_1_357' title='bbox 556 4251 689 4312; x_wconf 85' lang='lat' dir='ltr'>mortalis</span> <span class='ocrx_word' id='word_1_358' title='bbox 714 4257 769 4311; x_wconf 90' lang='lat' dir='ltr'>est.</span> <span class='ocrx_word' id='word_1_359' title='bbox 822 4251 879 4311; x_wconf 83' lang='lat' dir='ltr'>Gn.</span> <span class='ocrx_word' id='word_1_360' title='bbox 905 4252 971 4311; x_wconf 90' lang='lat' dir='ltr'>illos</span> <span class='ocrx_word' id='word_1_361' title='bbox 993 4270 1041 4310; x_wconf 87' lang='lat' dir='ltr'>vv.</span> <span class='ocrx_word' id='word_1_362' title='bbox 1066 4252 1199 4312; x_wconf 86' lang='lat' dir='ltr'>subditos</span> <span class='ocrx_word' id='word_1_363' title='bbox 1218 4251 1407 4330; x_wconf 86' lang='lat' dir='ltr'>existimavit,</span> 
     </span>
    </p>
   </div>
   <div class='ocr_carea' id='block_1_7' title="bbox 0 0 1614 4938">
    <p class='ocr_par' dir='ltr' id='par_1_7' title="bbox 0 0 1614 4938">
     <span class='ocr_line' id='line_1_46' title="bbox 0 0 1614 4938; baseline 0 0"><span class='ocrx_word' id='word_1_364' title='bbox 0 0 1614 4938; x_wconf 95' lang='lat' dir='ltr'> </span> 
     </span>
    </p>
   </div>
  </div>
 </body>
</html>
