3198 4938
690 1373 815 1469 08881
840 1375 872 1446 L

558 1582 624 1663 De
655 1580 989 1694 repetitionibus,

296 1784 351 1842 Oui
374 1783 537 1844 debeantur
560 1786 618 1844 loci
646 1787 676 1844 in
702 1785 831 1852 carmine
856 1783 1034 1844 Lucretiano
1059 1782 1178 1856 repetiti
1203 1785 1339 1858 quaestio

209 1869 284 1929 adeo
302 1888 361 1928 888
378 1871 416 1928 81
435 1888 609 1930 consensum
627 1872 756 1930 omnium
774 1873 871 1930 soluta
889 1873 948 1948 est,
975 1873 1007 1927 ut
1029 1867 1080 1943 qui
1098 1867 1255 1928 novissime
1274 1889 1338 1930 eam

209 1956 364 2033 tractavit,
393 1955 562 2035 Gneissins‚
589 1958 626 2016 de
653 1958 788 2016 versibus
819 1957 851 2014 in
882 1955 1015 2015 Lucretii
1045 1953 1176 2013 carmine
1204 1957 1338 2029 repetitis

209 2041 367 2116 Argentor.
386 2042 477 2118 1879,
497 2043 539 2100 118
557 2047 590 2100 81
604 2044 796 2117 repetitiones
811 2042 924 2100 alienas
943 2057 1009 2098 esse
1027 2038 1199 2098 aLucretio
1218 2040 1337 2100 demon-

210 2130 335 2204 straret,
354 2127 384 2184 in
402 2126 587 2200 praefatione
612 2127 866 2188 commentationis
884 2125 1117 2186 Studemundum
1138 2125 1259 2200 abipso
1278 2127 1336 2186 dis·

210 2212 320 2270 sentire
338 2211 476 2271 fateatur.
505 2213 602 2272 Antea
621 2213 780 2291 Vahlenus‚
798 2211 979 2271 Monatsber.
998 2211 1051 2269 der
1068 2210 1147 2269 Berl.
1166 2211 1224 2270 Al.
1244 2214 1336 2291 1877,

210 2299 386 2356 contrariam
405 2299 581 2358 sententiam
599 2300 655 2358 etsi
671 2317 729 2358 non
747 2299 881 2373 pluribus
900 2295 1091 2373 confirmavit,
1109 2296 1220 2356 diserte
1237 2303 1337 2358 tamen

207 2383 419 2458 pronuntiavit.
468 2383 526 2456 Qui
550 2402 621 2443 vero
646 2384 775 2444 Gneissii
800 2384 931 2442 libellum
955 2387 1183 2461 recensuerunt,
1211 2382 1337 2443 Tohtius

210 2464 398 2548 (Fleckeisen
433 2468 556 2530 Jahrbb.
597 2471 695 2548 1879,
733 2465 896 2545 541-53)
939 2472 969 2526 81
1003 2468 1162 2542 Briegerns
1198 2462 1336 2548 (Bursian

210 2553 346 2614 Jahresb.
372 2555 464 2633 1879,
491 2557 519 2612 ll
546 2551 697 2636 nol-8),
728 2573 903 2631 quamquam
929 2571 987 2612 non
1011 2554 1109 2612 omnia
1135 2555 1336 2634 comprobant,

209 2645 307 2698 tamen
326 2657 384 2697 non
402 2639 496 2698 solnm
514 2658 637 2699 acumen
655 2641 785 2700 auctoris
803 2644 982 2717 agnoscunt,
1007 2639 1061 2698 sed
1082 2639 1114 2697 in
1131 2639 1229 2699 multis
1247 2641 1336 2700 rebus

210 2725 238 2805 ei
266 2725 475 2785 assentiuntur.
524 2727 598 2785 Item
630 2727 820 2787 Neumannus
849 2726 880 2783 in
903 2725 1148 2783 commentatione
1176 2725 1214 2784 de
1247 2726 1336 2784 inter-

209 2811 407 2885 polationibus
439 2810 625 2870 Lucretianis
664 2813 749 2872 Halis
785 2813 855 2872 Sax.
893 2809 975 2868 1875
1008 2811 1115 2869 multas
1144 2813 1336 2885 repetitiones

210 2897 327 2971 spurias
355 2913 421 2956 esse
449 2896 606 2958 ostendere
637 2899 765 2976 studuit,
802 2914 979 2972 quamquam
1013 2897 1121 2956 multas
1149 2897 1241 2956 volnit
1270 2915 1336 2956 8888

208 2993 361 3055 genuinas.

294 3067 377 3140 Quae
396 3085 461 3126 cum
479 3067 521 3126 ita
539 3067 607 3144 8181,
626 3067 703 3126 18888
721 3068 933 3144 quaestionem,
957 3066 1067 3141 881888
1085 3085 1162 3142 quae
1184 3067 1334 3141 pertineat

208 3152 246 3211 ad
265 3159 359 3212 artem
377 3157 407 3211 et
425 3152 576 3226 ingenium
592 3158 698 3227 po'e‘tae
723 3159 803 3218 reete
827 3152 1028 3228 aestimanda,
1055 3151 1150 3210 denno
1169 3158 1333 3213 retractare

209 3239 355 3317 constitui,
373 3239 548 3314 praesertim
566 3255 632 3296 cum
647 3239 706 3297 iarn
718 3256 778 3297 non
792 3238 823 3296 in
841 3237 1009 3296 universnm
1024 3238 1215 3312 repetitiones
1232 3243 1333 3312 utpote

208 3324 349 3382 molestae
366 3325 396 3381 in
415 3324 543 3383 carmine
562 3323 708 3383 didactioo
731 3342 752 3382 a
771 3328 860 3397 88818
877 3322 1098 3401 abiudicentur,
1126 3323 1179 3382 sed
1205 3342 1243 3382 ex
1262 3343 1333 3383 vera

208 3409 452 3483 interpretatione
480 3409 662 3482 singularum
694 3409 841 3483 principia
874 3407 976 3467 iudicii
1010 3409 1173 3483 repetenda
1201 3426 1266 3468 esse
1295 3411 1333 3469 ab

208 3495 343 3554 omnibns
369 3493 555 3552 concedatur.
599 3494 663 3553 Nec
685 3496 744 3553 iam
768 3495 942 3554 offensiones
966 3511 1067 3552 omnes
1096 3495 1332 3568 interpolationis

207 3581 294 3654 signa
311 3579 468 3638 habentur.
512 3580 677 3639 Permultas
695 3581 771 3639 enim
790 3579 916 3638 Tohtius
935 3583 964 3637 et
981 3580 1141 3654 Briegerns
1159 3579 1332 3654 imperfecto

207 3666 345 3724 carminis
362 3670 440 3725 statu
459 3665 594 3724 excusari
613 3670 798 3725 censuerunt.
832 3664 891 3724 Sed
910 3681 975 3722 cum
993 3665 1043 3723 1118
1063 3664 1231 3724 Gneissium
1249 3684 1332 3724 secu·

207 3756 254 3810 tns
280 3769 339 3810 non
362 3751 477 3810 dubitet
500 3755 614 3830 partes,
639 3768 716 3825 qnae
748 3767 807 3808 non
832 3751 897 3810 sine
922 3749 1027 3808 damno
1052 3751 1190 3809 carminis
1216 3752 1332 3829 desunt,

207 3837 345 3896 Lucretio
364 3838 495 3896 adimere
513 3832 553 3916 (e.
571 3839 602 3910 g'.
622 3855 670 3894 vv.
690 3837 734 3894 111
755 3837 892 3914 87-93,
911 3836 962 3911 881
980 3838 1159 3911 prooemium
1177 3836 1246 3896 libri
1265 3854 1332 3895 con-

208 3919 359 4004 cludunt),
385 3927 415 3982 81
436 3923 596 3996 Briegerns
621 3921 740 3997 quidem
765 3939 883 4000 versus,
907 3922 958 3996 qui
983 3923 1039 3981 8181
1064 3939 1122 3981 888
1144 3924 1333 3997 requiruntur

208 4012 305 4068 tamen
323 4008 449 4068 maiores
466 4007 642 4066 offensiones
660 4026 717 4066 non
737 4010 883 4082 praebent
907 4002 947 4088 (e.
967 4026 997 4081 g.
1015 4008 1094 4066 illius
1117 4009 1259 4082 prooemii
1283 4028 1331 4067 vv.

209 4089 363 4175 87-90),
393 4095 585 4169 interpolatos
615 4109 681 4152 esse
709 4093 870 4152 existimet:
900 4092 1092 4153 fundamenta
1123 4093 1207 4152 crisis
1236 4094 1332 4154 adhuc

207 4179 296 4238 valde
325 4180 464 4238 vacillare
493 4178 564 4238 mihi
594 4178 741 4238 videntur.
798 4178 951 4238 Gneissins
980 4184 1076 4238 antem
1105 4179 1169 4254 1888
1194 4181 1332 4254 quoniam

207 4265 453 4324 commentatione
471 4284 525 4324 sna
544 4264 738 4340 repetitiones
760 4264 983 4342 condemnavit,
1008 4269 1226 4340 praesumptam
1250 4267 1331 4325 illam

1093 4361 1125 4413 1*
