3198 4938
710 339 880 394 ...10-

232 505 303 563 *VI
321 505 372 564 56.
393 507 420 584 7,
454 507 535 566 ³²90.
555 507 613 583 913
642 506 742 580 itaque
771 506 870 564 miseri
898 507 929 564 in
958 512 1072 565 terrore
1101 523 1136 564 ae
1164 505 1296 563 tenebris
1326 521 1358 562 se

233 591 355 648 volvunt
374 586 461 672 (haec
473 592 619 650 sententia
630 592 659 649 in
679 592 807 650 exordiis
825 591 888 651 fere
906 592 1033 650 omnium
1050 593 1190 650 librorum
1208 584 1358 669 recurrit).

233 678 318 734 Hunc
343 681 484 736 terrorem
507 679 704 752 tenebrasque
730 677 819 735 animi
844 695 966 737 neccsse
985 682 1030 736 est
1055 679 1167 752 pellant
1199 693 1257 734 non
1282 675 1357 732 radii

233 763 304 820 solis
330 762 383 821 sed
405 759 520 838 species
545 767 670 821 naturae
694 763 829 838 ratioque
847 757 992 844 (ibidem).
1038 764 1122 820 Hanc
1145 762 1223 819 viam
1247 761 1358 836 primus

233 848 348 921 aperuit
371 849 516 922 Epicurus
546 849 633 906 dictis
662 866 719 906 non
748 849 836 906 armis
869 850 941 906 166
955 867 1037 925 sqq,
1068 849 1152 906 V49
1166 865 1231 921 sqq.
1287 847 1359 905 llius

232 933 295 1006 ipse
326 951 427 1008 premo
457 934 583 1008 vestigia
611 935 654 991 III
675 937 772 1008 lsqq.
806 933 986 1012 V55sqq.,
1015 934 1045 991 in
1071 934 1232 1008 primisque
1258 949 1358 1006 reper-

232 1022 279 1077 tus
316 1037 395 1095 sum,
433 1020 483 1094 qni
513 1019 693 1078 Graecorum
726 1024 887 1094 praecepta
915 1019 1028 1078 Latinis
1058 1018 1151 1076 literis
1182 1019 1359 1076 illustrarem

231 1105 244 1161 Ι
264 1105 325 1162 926
338 1123 414 1179 sqq,
433 1107 451 1142 l*
460 1106 500 1162 IV
521 1106 536 1161 1
550 1121 625 1182 sqq,
645 1105 671 1162 V
685 1104 745 1161 335
759 1122 824 1179 sqq.
855 1104 983 1162 Difficile
994 1104 1050 1162 hoc
1062 1121 1167 1164 munus
1179 1107 1225 1162 est
1237 1107 1360 1178 propter

232 1194 394 1263 egestatem
406 1191 525 1264 linguae
537 1196 568 1249 et
578 1207 677 1248 rerum
688 1190 872 1248 novitateml
885 1191 1019 1266 136-9,
1032 1191 1094 1247 832
1106 1207 1184 1267 sqq,
1195 1191 1219 1248 V
1232 1190 1271 1246 97
1282 1205 1359 1264 sqq.,

232 1275 269 1333 cf.
288 1272 332 1333 III
351 1276 423 1334 260.
462 1275 547 1348 Quod
566 1276 684 1350 quidem
702 1275 732 1333 in
751 1275 806 1333 hoo
824 1276 932 1334 mundo
949 1274 1002 1334 fiat
1020 1281 1131 1335 certum
1149 1275 1219 1349 poni
1238 1275 1289 1332 vix
1306 1292 1359 1348 po-

232 1365 307 1438 test,
327 1359 378 1419 sed
399 1361 470 1435 quid
487 1361 582 1435 possit
600 1361 671 1419 oriri
697 1405 732 1419 ..
753 1405 760 1420 .
783 1360 814 1418 id
842 1360 933 1420 doceo
955 1363 1115 1436 pluresque
1134 1377 1241 1435 sequor
1260 1359 1357 1435 dispo-

231 1463 302 1504 nere
321 1464 435 1522 causas,
460 1465 583 1521 quarum
608 1464 666 1504 una
689 1450 787 1504 tamen
805 1464 877 1505 vera
895 1448 933 1505 sit
955 1448 981 1505 V
1000 1447 1156 1523 sas-33,
1177 1447 1218 1505 VI
1236 1446 1307 1504 703.
1327 1446 1357 1502 4.

316 1533 379 1591 Has
406 1538 435 1591 et
459 1531 505 1590 his
528 1531 637 1590 similes
662 1531 823 1590 sententias
848 1532 996 1590 —ctiam
1020 1537 1139 1606 praeter
1164 1532 1260 1608 locos,
1285 1548 1358 1606 qnos

231 1617 317 1676 attuli
329 1651 356 1658 -
377 1619 496 1692 saepius
507 1634 660 1675 recurrere
670 1635 727 1674 non
745 1617 880 1676 mirabile
899 1622 959 1694 est3
979 1621 1009 1675 at
1034 1617 1179 1675 interdum
1192 1617 1281 1675 etiam
1300 1617 1357 1674 sin-

180 1779 181 1782 *
231 1702 349 1776 gulares
367 1704 542 1782 sententiae,
562 1720 638 1776 quae
656 1700 694 1760 ad
713 1703 880 1761 universum
906 1720 1023 1760 carmen
1048 1703 1144 1760 minus
1161 1703 1277 1779 valent,
1304 1702 1358 1760 ite-

232 1793 343 1847 rantur.
373 1789 440 1846 Non
459 1787 524 1846 dico
543 1788 676 1846 diversas
695 1787 910 1846 confutationes
929 1793 958 1847 et
977 1788 1187 1862 explicationes
1207 1805 1242 1844 ex
1255 1788 1358 1845 eodem

231 1873 349 1946 saepius
372 1879 544 1947 argumento
570 1873 700 1932 derivari
726 1907 767 1915 —-
794 1875 874 1931 velut
892 1874 1032 1947 dogmata
1050 1873 1194 1932 Heracliti
1212 1873 1357 1946 Empedo-

232 1959 286 2017 clis
310 1964 475 2018 ceterorum
500 1959 750 2035 philosophorum,
776 1960 901 2032 quinon
924 1963 1037 2017 atomos
1057 1964 1086 2016 et
1103 1959 1191 2016 inane
1209 1962 1358 2032 tamquam

231 2045 378 2119 principia
400 2063 498 2103 rerum
515 2049 685 2122 posuerunt,
709 2043 813 2102 eadem
831 2044 888 2102 hac
905 2044 1019 2103 ratione
1036 2061 1166 2103 seorsum
1184 2043 1359 2102 refelluntur

233 2129 321 2208 quod,
341 2134 374 2189 ιιι
392 2148 429 2188 ex
446 2131 562 2189 illorum
581 2129 732 2188 elementis
751 2147 798 2188 res
817 2130 958 2208 oriantur,
978 2147 1014 2187 ea
1031 2129 1097 2204 ipsa
1115 2133 1270 2206 mutentur,
1296 2147 1357 2187 mu-

231 2215 344 2274 tatione
374 2219 472 2274 autem
503 2214 708 2292 conficiantur3
745 2215 820 2274 ratio
858 2233 975 2289 quoque
1009 2217 1192 2274 Avernorum
1229 2216 1357 2278 locorum

232 2300 273 2359 VI
291 2301 354 2359 830
366 2319 431 2376 sqq.
451 2308 480 2360 et
497 2301 644 2375 Magnetis
663 2301 770 2374 lapidis
789 2300 829 2359 VI
849 2301 929 2357 1002
943 2317 1008 2375 sqq.
1034 2301 1137 2359 eadem
1163 2317 1229 2358 esse
1251 2300 1359 2358 dicitur

231 2403 272 2444 sc.
299 2384 378 2460 quod
407 2391 439 2444 ιιι
456 2387 532 2444 inter
549 2391 658 2445 terram
677 2389 707 2443 et
725 2403 795 2444 aves
811 2386 854 2444 ita
871 2385 949 2443 inter
966 2385 1095 2460 lapidem
1114 2390 1142 2444 et
1160 2385 1268 2443 serrum
1291 2403 1358 2458 spa-

230 2470 302 2536 tium
320 2471 445 2531 vaeefiat
469 2506 519 2549 -,
545 2471 597 2530 sed
619 2471 740 2546 dignum
765 2470 836 2529 mihi
861 2470 978 2529 videtur
1002 2470 1079 2545 qnod
1105 2471 1359 2529 animadvertatur

230 2561 349 2630 poetam
373 2558 576 2635 explicantem,
604 2575 655 2615 cur
677 2561 796 2630 praeter
821 2556 929 2615 ferrum
957 2557 1035 2616 aliae
1063 2573 1111 2614 res
1131 2557 1271 2634 Magnete
1299 2573 1356 2614 non

231 2641 426 2721 attrahantur,
446 2641 549 2701 eodem
567 2643 610 2700 uti
628 2642 684 2700 hoc
703 2643 837 2716 exemplo
855 2643 896 2700 Vl
915 2643 977 2699 970

274 2728 504 2802 barbigeras
522 2729 649 2787 oleaster
668 2745 702 2785 eo
720 2728 801 2785 iuvat
819 2745 912 2801 usque
931 2728 1060 2800 capellas

274 2813 375 2872 effluat
392 2813 558 2872 ambrosiae
577 2813 662 2888 quasi
680 2830 751 2870 vere
771 2817 800 2870 et
818 2811 940 2871 nectari’
960 2813 1084 2889 linctus3

273 2917 332 2974 qua
349 2900 391 2956 nil
410 2904 455 2958 est
472 2898 613 2957 homini
633 2898 711 2972 quod
729 2898 851 2956 amariu’
869 2897 1008 2956 frondeat
1027 2915 1105 2956 esca.

273 2985 401 3059 denique
419 2984 617 3043 amaracinum
635 2983 742 3056 fugitat
760 3001 811 3042 sus
829 2988 859 3042 et
875 2984 959 3042 timet
975 3001 1061 3041 omne

271 3075 447 3144 ungentum:
472 3089 540 3128 nam
558 3069 715 3144 saetigeris
733 3071 823 3128 subus
846 3087 934 3128 aere
953 3085 1049 3126 vene
1062 3069 1202 3141 numst,

230 3156 309 3228 quod
326 3156 353 3214 V
372 3157 433 3213 899
454 3174 499 3230 sq.
1019 3151 1021 3154 ’

677 3239 778 3297 videre
797 3239 866 3298 licet
883 3239 1077 3314 pinguescere
1096 3253 1186 3310 saepe
1203 3236 1300 3294 cicuta

272 3325 508 3399 barbigeras
527 3323 665 3401 pecudes,
691 3324 833 3382 homini
852 3342 928 3398 quae
947 3330 992 3382 est
1010 3340 1097 3381 acre
1115 3338 1300 3379 venenum

230 3409 373 3486 adhibuit,
392 3415 424 3468 ut
435 3409 598 3468 Centauros
610 3410 725 3484 Scyllas
737 3413 836 3468 cetera
852 3409 1000 3486 animalia,
1019 3427 1055 3468 ex
1074 3407 1248 3481 alienigenis
1266 3424 1355 3464 mem-

230 3495 291 3553 bris
311 3495 483 3573 composita,
501 3513 559 3553 non
578 3495 725 3554 exstitisse
743 3493 966 3571 demonstraret,
985 3498 1015 3553 et
1032 3495 1073 3554 IV
1090 3495 1152 3551 640
1171 3509 1214 3566 sq.

315 3581 425 3641 nobis
441 3573 588 3639 veratrum
608 3584 653 3638 est
671 3596 760 3638 acre
778 3598 962 3638 venenum

272 3669 304 3725 at
323 3666 452 3740 capris
471 3665 575 3740 adipes
594 3669 632 3724 et*
642 3665 840 3724 coturnicibus
858 3671 948 3740 auget

230 3751 308 3810 inter
330 3753 389 3810 alia
407 3752 515 3829 attulit,
534 3757 566 3810 ιιι
592 3768 727 3825 saporem
746 3751 893 3810 diversum
912 3769 978 3810 esse
997 3751 1180 3824 explanaret.
1222 3751 1283 3808 Ter
1300 3749 1357 3807 hoc

231 3839 365 3911 exemplo
386 3839 489 3896 eadem
501 3838 643 3911 probatur
655 3837 802 3896 sententia
822 3856 899 3915 „non
918 3837 1052 3895 omnibus
1071 3837 1170 3894 omnia
1186 3837 1234 3894 vel
1254 3836 1356 3894 eadem

231 3919 418 4001 convenire“,
439 3941 514 3997 quae
532 3923 650 3997 quidem
668 3923 817 3981 sententia
835 3923 900 3996 ipsa
918 3922 956 3979 ad
972 3921 1090 3979 diversa
1112 3926 1285 3996 argumenta
1307 3938 1356 3978 ac-

230 4009 439 4066 commodatur.
466 4043 508 4049 -
535 4007 611 4080 Qum
639 4008 718 4082 quod
743 4008 844 4066 eodem
868 4009 1012 4084 exemplo,
1034 4025 1091 4081 quo
1111 4007 1141 4064 in
1159 4009 1178 4065 l.
1198 4007 1212 4064 Ι
1231 4025 1357 4080 corpora

230 4109 320 4151 caeca
338 4097 454 4152 exstare
473 4093 627 4152 docemur:

273 4179 334 4236 305
449 4177 614 4252 fluctifrago
633 4195 847 4252 suspensae
865 4177 901 4235 in
925 4177 1040 4234 litore
1063 4183 1193 4237 vestes

353 4268 504 4342 uvescunt,
524 4263 645 4323 eaedem
664 4263 821 4338 dispansae
839 4264 870 4321 in
888 4264 949 4322 sole
968 4267 1128 4341 serescunt,
