3198 4938
727 262 898 319 ..32-

251 427 397 507 videntur,
424 431 495 504 quia
520 448 618 490 eorum
644 434 848 506 argumentum
871 429 1027 490 antecedat
1044 431 1074 490 in
1093 447 1140 490 vv.
1158 429 1202 488 III
1221 427 1379 489 615-23.

251 513 292 573 At
314 514 364 574 illo
382 517 447 574 loco
466 518 660 591 probatur
686 518 813 576 animum
831 516 860 573 in
878 521 1008 595 pectore,
1036 515 1142 576 nonin
1161 514 1256 588 capite
1274 515 1379 574 aliisue

253 601 385 674 corporis
410 603 549 660 membris
575 603 674 681 gigni,
704 602 760 660 hoc
784 605 881 660 autem
906 604 1062 676 probatum
1087 604 1291 675 argumentum
1315 600 1380 658 ad-

251 685 410 744 hibetur
435 687 474 745 ad
498 687 705 746 confutandam
733 687 1010 762 metempsychosin.
1036 721 1077 730 -
1102 685 1148 745 Ab
1177 687 1220 745 eis
1244 704 1300 744 non
1321 686 1379 745 dis-

253 787 376 846 crepare
404 791 452 832 vv.
483 773 619 852 800—5,
651 773 756 848 quibus
784 790 838 847 per
865 774 963 835 iocum
993 779 1119 847 negetur
1147 772 1275 830 animam
1303 790 1379 829 mor-

251 857 340 916 talem
364 875 429 917 esse
456 853 510 939 (ita
536 853 606 940 Gn.)
634 893 670 900 —-
698 858 795 933 potius
820 858 956 932 equidem
983 859 1063 932 ipsos
1089 877 1136 916 vv.
1162 856 1298 934 800-5,
1322 875 1380 915 non

253 943 462 1002 antecedentes
487 944 669 1004 sustulissem
693 977 742 1022 —,
766 949 799 1002 ut
820 947 980 1022 appareat,
1006 943 1108 1002 horum
1126 960 1268 1002 summam
1289 943 1381 1001 verbo

251 1027 401 1088 indicasse
432 1029 505 1088 satis
540 1028 653 1088 habeo:
690 1031 813 1088 mortale
849 1047 914 1087 cum
942 1033 1061 1088 aeterno
1091 1028 1214 1103 iungere
1245 1028 1380 1102 desipere

252 1117 307 1192 est,
334 1115 416 1188 atqui
440 1115 563 1174 mortale
589 1132 695 1188 corpus
721 1132 787 1173 cum
811 1114 909 1173 anima
926 1114 1055 1174 iunctum
1080 1119 1134 1192 est,
1162 1130 1233 1187 ergo
1256 1113 1382 1171 anima

252 1217 323 1258 non
359 1204 405 1259 est
439 1204 612 1259 aeterna.
652 1235 689 1240 —
727 1195 849 1281 (Similis
886 1200 1030 1274 quaedam
1067 1199 1283 1274 argumentatio
1319 1198 1382 1256 erui

252 1288 351 1360 potest
376 1303 392 1344 e
418 1304 466 1345 vv.
492 1286 623 1362 111010
641 1302 724 1360 sqq:
752 1303 828 1359 quae
848 1285 964 1344 fluitant
986 1303 1045 1344 non
1067 1302 1159 1359 penes
1177 1289 1299 1343 aeterna
1317 1301 1380 1342 cor-

251 1389 326 1445 pora
344 1388 410 1430 esse
428 1375 561 1449 possunt,
580 1371 662 1445 atqui
689 1388 814 1446 corpora
838 1370 933 1446 prima
959 1375 1027 1430 sunt
1049 1375 1181 1447 aeterna,
1208 1386 1267 1427 non
1289 1369 1380 1444 igitur

252 1455 401 1516 fluitantes
431 1458 544 1516 colores
573 1474 665 1531 penes
693 1473 729 1514 ea
758 1473 823 1515 esse
852 1451 996 1537 possunt).
1027 1491 1068 1498 —
1099 1456 1168 1515 Sine
1194 1454 1380 1529 gravioribus

254 1542 464 1602 mutationibus
482 1543 525 1601 illi
543 1561 592 1600 vv.
611 1542 640 1600 in
659 1541 734 1600 1.111
752 1542 868 1600 omnino
887 1559 944 1600 non
963 1559 1050 1616 posse
1068 1542 1133 1601 tolli
1150 1541 1223 1599 mihi
1235 1540 1379 1598 videntur.

253 1628 360 1701 Itaque
376 1628 418 1687 ibi
436 1645 488 1686 eos
505 1627 641 1702 primitus
659 1628 755 1686 locum
772 1627 911 1687 habuisse
929 1627 1027 1686 credo.
1063 1627 1107 1686 Ac
1122 1627 1221 1685 nescio
1240 1643 1278 1684 an
1293 1626 1382 1684 liceat

255 1713 390 1772 conicere
416 1711 586 1772 Lucretium
609 1713 639 1771 in
665 1714 684 1771 l.
711 1713 737 1771 V
762 1713 793 1771 in
818 1713 922 1771 miram
946 1712 1026 1771 illam
1053 1711 1279 1787 argumentandi
1302 1711 1380 1769 viam

255 1797 422 1877 devenisse,
442 1799 511 1873 quia
529 1798 607 1866 illins
622 1798 788 1873 argumenti
803 1798 977 1875 meminerit,
997 1799 1075 1872 quod
1092 1798 1122 1855 in
1140 1799 1160 1857 l.
1176 1798 1220 1854 ΠΙ
1237 1797 1276 1855 ad
1294 1797 1381 1856 aliam

257 1883 374 1959 quidem
392 1901 454 1942 rem
473 1884 616 1943 adhibuit.
646 1884 744 1942 Verbo
762 1883 906 1942 adnotare
924 1884 1026 1944 licebit
1042 1884 1109 1942 illos
1126 1902 1175 1941 vv.
1194 1882 1225 1941 in
1243 1885 1262 1941 l.
1279 1883 1305 1940 V
1323 1897 1381 1940 non

254 1970 341 2028 modo
359 1970 390 2028 in
407 1970 572 2045 posteriore
589 1969 665 2028 libro
684 1970 736 2028 sed
755 1969 853 2048 etiam,
873 1970 899 2028 si
917 1969 1035 2044 quidem
1050 1967 1271 2028 Lachmannum
1285 1967 1381 2041 sequi-

253 2073 327 2134 mur,
346 2059 460 2130 partem
479 2054 597 2115 embolii
615 2072 690 2114 esse.

323 2156 636 2301 vsiffgoerfflhfmines
663 2158 741 2216 docti
767 2157 797 2215 in
823 2157 956 2216 diversas
980 2156 1134 2215 discedunt
1158 2156 1319 2215 sententias
1345 2156 1382 2214 de

254 2261 303 2302 vv.
432 2277 470 2285 -
903 2257 907 2263 ·

563 2346 805 2403 tle-2221
841 2345 1009 2402 1021—24

562 2432 709 2490 422-26
728 2455 770 2482 =
789 2431 815 2489 V
841 2431 986 2488 187-91

606 2518 669 2574 428
731 2517 804 2574 :I
841 2518 922 2575 1026

564 2603 711 2661 429—31
732 2627 772 2655 =
791 2603 821 2660 II
841 2602 1007 2661 1061-63

545 2698 616 2784 (Gn.
636 2706 686 2784 72,
705 2706 759 2764 To.
780 2703 852 2781 551,
872 2705 921 2764 Br.
942 2699 1027 2785 207).

256 2807 395 2881 Plerique
420 2805 497 2865 enim
522 2806 716 2880 Forbigerum
741 2806 832 2866 secuti
851 2807 991 2865 lectorem
1016 2804 1162 2881 quendam
1187 2809 1307 2862 censent
1330 2819 1381 2862 eos

257 2893 288 2950 in
313 2893 334 2951 l.
357 2893 383 2950 V
405 2910 442 2950 ex
459 2892 583 2966 singulis
613 2891 750 2950 carminis
772 2892 906 2967 partibus
928 2892 1166 2968 consarcinasse,
1191 2889 1380 2946 Neumannus

257 2982 362 3036 contra
385 2979 438 3037 el.
458 2977 483 3035 V
504 2994 554 3038 eos
581 2981 736 3052 excerptos
762 2983 791 3036 et
817 2977 847 3035 in
873 2978 1004 3052 singulas
1022 2983 1122 3052 partes
1139 2976 1297 3034 translatos
1315 2991 1380 3034 esse

258 3065 460 3123 demonstrare
479 3063 594 3142 studet3
612 3064 662 3122 Br.
683 3063 810 3138 denique
828 3068 946 3138 poetam
964 3063 1059 3136 ipsum
1076 3062 1187 3121 iudicat
1206 3077 1255 3119 eos
1273 3060 1304 3117 in
1321 3059 1341 3118 l.
1355 3059 1393 3126 V,

257 3152 362 3224 postea
378 3149 547 3226 inseruisse,
567 3149 620 3208 sed
637 3154 793 3223 postquam
812 3168 859 3208 vv.
874 3149 1021 3206 184-94
1040 3143 1132 3230 (ipsos
1151 3162 1267 3220 quoque
1280 3150 1383 3218 postea

245 3229 398 3315 intextos)
417 3234 595 3312 scripsisset,
614 3252 665 3293 eos
682 3239 859 3293 mutaturum
878 3233 978 3293 fuisse.
999 3268 1039 3276 —
1057 3236 1119 3292 Nos
1140 3237 1172 3290 ut
1194 3249 1256 3289 rem
1276 3230 1381 3289 diiudi-

258 3337 367 3396 cemus,
397 3318 521 3392 primum
546 3319 678 3394 singulas
704 3324 805 3394 partes
832 3314 885 3378 suo
904 3337 1049 3394 quamque
1069 3321 1142 3395 loco,
1166 3315 1273 3374 deinde
1290 3320 1382 3373 totam

258 3405 489 3479 complexionem
507 3404 709 3464 tractabimus.

345 3508 359 3563 Ι
379 3507 547 3564 1021-24
565 3512 594 3566 et
613 3507 652 3564 26

403 3611 471 3651 nam
496 3597 576 3651 certe
602 3609 698 3667 neque
718 3592 841 3650 consilio
860 3591 1021 3666 primordia
1038 3609 1134 3650 rerum

403 3677 506 3736 ordine
525 3695 557 3737 se
573 3697 625 3738 suo
644 3695 778 3753 quaeque
797 3679 898 3753 sagaci
917 3684 1014 3738 mente
1033 3680 1167 3736 locarunt

405 3781 460 3822 nec
479 3781 552 3838 quos
571 3781 705 3840 quaeque
724 3765 830 3823 darent
848 3769 944 3824 motus
962 3764 1105 3840 pepigere
1123 3761 1267 3839 profecto,

405 3849 458 3908 sed
477 3850 546 3923 quia
564 3852 657 3909 multa
673 3849 768 3909 modis
786 3850 883 3910 multis
902 3855 1015 3909 mutata
1032 3867 1087 3924 per
1105 3865 1190 3908 omne

304 3934 385 3993 1025
405 3928 456 4015 (ex
473 3935 585 3994 infinito
603 3939 747 3995 vexantur
766 3937 880 4009 percita
898 3931 1007 4016 plagis)

405 4039 490 4079 omne
507 4039 601 4096 genus
619 4025 716 4080 motus
735 4025 764 4080 et
782 4031 882 4080 coetus
901 4021 1082 4095 experiundo

405 4101 538 4186 (tandem
556 4106 717 4166 deveniunt
735 4108 765 4166 in
783 4109 851 4166 talis
870 4107 1074 4184 disposituras,

406 4193 542 4267 qualibus
560 4193 634 4252 haec
652 4209 750 4252 rerum
768 4193 902 4252 consistit
925 4209 1036 4250 summa
1055 4185 1179 4272 creata).
