3194 4936
728 295 877 351 ..8.-

236 467 417 528 constituere
436 469 543 545 solent,
563 467 626 525 sive
644 467 827 526 accuratius:
857 465 1031 541 praesertim
1051 483 1114 523 cum
1134 466 1237 524 eadem
1254 470 1369 544 natura,

237 572 296 629 qua
320 553 370 612 hic
392 554 473 613 orbis
497 551 594 611 factus
613 556 674 629 est,
705 551 870 621 dominetur
891 553 922 610 in
941 551 1079 610 universo
1098 556 1127 610 et
1144 551 1370 625 primordiorum

236 643 340 717 motus,
361 639 467 713 quibus
486 637 534 696 bic
552 637 632 696 orbis
651 636 825 696 constitutus
845 642 906 712 est,
932 637 1043 712 ubique
1061 635 1119 696 sint
1138 640 1167 696 et
1186 637 1303 696 omnino
1321 655 1369 697 res

236 741 361 798 magnas
386 723 504 787 efficere
528 724 653 782 soleant.
700 722 759 782 Sed
791 722 982 782 difficultates
1004 721 1090 781 huius
1119 719 1179 782 loci
1200 740 1285 782 nemo
1311 741 1368 781 non

237 811 353 870 sentiet.
399 810 516 869 Etenim
534 810 638 868 modus
655 809 834 868 indicativus
853 805 1047 886 „coluerunt“
1067 809 1159 886 1061,
1179 808 1230 882 qui
1248 825 1368 883 respon-

237 895 288 954 det
305 895 492 955 antecedenti
519 895 579 972 „sit
596 893 713 954 1101111ιι
734 894 825 973 1058,
853 900 882 954 11
900 894 1101 954 coniunctivus
1122 890 1265 972 „fierent“
1287 895 1368 952 1062

237 981 416 1056 explicatum
431 981 481 1039 vix
500 980 620 1059 habent,
639 980 696 1038 uisi
714 985 903 1040 arcessuntur
928 998 976 1038 vv.
996 981 1021 1038 V
1040 980 1204 1057 429-31,
1224 979 1284 1057 ubi,
1304 997 1369 1038 cum

237 1072 337 1126 cetera
355 1067 414 1125 sint
432 1065 536 1125 eadem
555 1083 620 1124 cum
639 1067 667 1124 Π
688 1067 867 1143 1061-63,
891 1083 944 1140 pro
965 1062 1156 1144 „coluerunt“
1178 1069 1223 1124 est
1242 1082 1368 1142 „convo-

237 1150 337 1212 niant“
358 1158 388 1211 et
404 1169 458 1227 pro
475 1149 619 1228 ,1111111ι
643 1147 764 1230 „fiunt“,
785 1169 862 1226 quac
881 1150 1000 1225 quidem
1018 1149 1131 1210 formae
1142 1151 1173 1210 in
1185 1149 1262 1210 hunc
1274 1153 1370 1210 locum

237 1239 333 1297 minus
367 1238 507 1298 videntur
541 1236 698 1311 quadrare.
741 1271 782 1278 —
826 1237 1073 1311 Subsequentium
1109 1254 1197 1311 porro
1233 1254 1370 1296 versuum

280 1427 372 1484 quere
392 1409 481 1468 etiam
499 1412 590 1483 atque
609 1408 697 1467 etiam
715 1408 812 1467 talis
831 1408 945 1470 fateare
964 1425 1085 1469 necesse
1105 1412 1151 1468 est

280 1512 347 1554 esse
365 1495 466 1555 alios
484 1494 585 1554 alibi
604 1511 782 1568 congressus
801 1494 946 1573 materiai,

281 1580 416 1655 qualis
434 1579 483 1639 hic
501 1584 555 1657 111,
575 1579 662 1638 avido
682 1581 837 1654 complexu
856 1597 942 1654 quem
961 1583 1043 1639 tenet
1058 1578 1163 1638 aether

237 1665 402 1725 sententiae
428 1665 503 1726 adeo
523 1669 692 1724 contractae
711 1669 788 1743 sunt,
807 1665 858 1723 vix
876 1671 908 1726 ut
927 1665 1081 1742 dispicias,
1109 1681 1185 1738 quae
1211 1665 1241 1722 in
1267 1663 1309 1723 111
1328 1665 1369 1722 in-

238 1769 305 1811 esse
323 1751 496 1810 videantur:
518 1750 650 1829 „fateare
673 1767 796 1810 necesse
815 1756 861 1810 est
879 1768 945 1810 esse
962 1751 1061 1810 alios
1079 1750 1177 1809 alibi
1195 1767 1371 1823 congressus

235 1837 381 1914 materiai,
410 1840 443 1896 ut
471 1836 625 1910 probabile
655 1835 693 1894 sit
721 1836 839 1896 etiam
867 1837 969 1896 tales
996 1835 1068 1895 alibi
1093 1853 1168 1912 esse,
1199 1836 1295 1910 qualis
1323 1835 1372 1894 bic

236 1929 307 1984 eet.
332 1967 339 1982 .
360 1921 409 2000 .“,
444 1921 501 1982 nisi
526 1921 685 1980 contuleris
712 1939 760 1980 vv.
787 1923 812 1980 V
840 1923 1004 2000 187-94,
1031 1921 1081 1981 ubi
1106 1920 1270 1980 simillimae
1297 1923 1371 1981 bene

237 2008 473 2083 distinguuntur:
493 2007 654 2082 primordia
675 2025 711 2066 ex
729 2005 841 2066 infinito
859 2008 916 2067 iam
935 2012 1068 2082 tempore
1092 2010 1269 2066 consuerunt
1299 2051 1307 2066 .
1331 2051 1338 2066 .
1363 2051 1370 2066 .

237 2095 359 2152 omnia
388 2097 673 2168 pertemptare,
705 2111 971 2169 quaecumque
1000 2093 1077 2152 inter
1107 2110 1138 2152 se
1156 2096 1279 2167 possent
1303 2109 1370 2152 eon-

237 2197 341 2254 gressa
360 2196 471 2256 creare,
494 2184 532 2237 ut
551 2196 620 2237 non
644 2178 696 2236 sit
718 2179 866 2256 mirum,
891 2179 973 2238 siin
992 2179 1061 2238 talis
1080 2177 1273 2252 disposituras
1292 2177 1370 2237 deci-

237 2265 343 2324 derunt
373 2281 489 2338 quoqne
509 2308 515 2323 .
536 2307 543 2322 .
564 2307 592 2341 .,
623 2264 759 2339 qualibus
788 2263 863 2322 haec
892 2282 990 2323 rerum
1019 2263 1132 2338 geritur
1159 2281 1236 2322 nunc
1259 2281 1371 2323 summa

236 2348 611 2416 110111101111111110
634 2365 786 2423 quoque
804 2353 914 2408 statum
934 2350 1085 2408 effecerint
1104 2344 1185 2428 (1111.
1205 2349 1234 2406 ΙΙ
1256 2353 1368 2408 autem:

236 2440 344 2494 utnon
362 2435 401 2493 sit
418 2435 533 2512 mirum,
552 2434 577 2494 si
596 2434 692 2494 alibi
712 2452 780 2508 quo
791 2452 860 2509 que
878 2435 956 2494 idem
970 2439 1064 2494 status
1077 2430 1244 2515 efficiatur).
1262 2435 1370 2498 Forma

237 2520 355 2596 quidem
382 2520 499 2580 1111101
524 2521 588 2579 1000
614 2537 672 2578 non
698 2520 874 2595 deprompta
899 2528 960 2599 est,
991 2521 1092 2595 iniqua
1110 2524 1209 2580 tamen
1229 2521 1370 2580 orationis

237 2606 369 2667 brevitas
390 2606 447 2663 uisi
464 2605 551 2665 fallor
569 2604 638 2664 inde
654 2612 719 2664 orta
738 2610 798 2684 est,
830 2606 909 2681 quod
927 2612 1034 2682 1101111
1053 2624 1117 2666 cum
1136 2607 1210 2665 haec
1228 2606 1372 2666 scriberet

237 2693 289 2751 illa
301 2691 546 2751 obversabantur.
559 2724 600 2732 -
612 2692 705 2749 Paulo
724 2697 791 2766 post
808 2691 861 2750 hoe
877 2711 925 2751 vv.
945 2692 974 2750 in
990 2692 1094 2751 eodem
1108 2691 1233 2751 embolio
1246 2692 1274 2748 Π
1287 2692 1371 2748 1090

237 2795 302 2853 sqq.
322 2782 458 2837 naturam
475 2795 533 2835 non
552 2776 623 2835 deos
642 2776 740 2835 omnia
758 2776 902 2856 perficere
920 2777 1102 2852 argumentis
1121 2775 1275 2853 evincitur,
1294 2793 1369 2850 quae

236 2865 287 2922 VI.
316 2863 377 2921 387
405 2880 471 2938 sqq.
498 2862 540 2920 sic
564 2861 786 2921 discernuntur:
810 2863 926 2937 Jupiter
948 2867 1037 2936 atque
1061 2861 1110 2920 alii
1129 2862 1178 2921 dei
1200 2861 1225 2919 si
1248 2860 1370 2920 fulmina

236 2949 363 3025 mittunt,
383 2965 434 3007 cur
452 2953 556 3022 petunt
574 2947 616 3006 eis
635 2947 780 3026 innoxios,
799 2949 865 3007 loca
883 2950 955 3022 sola,
974 2948 1090 3006 maria?
1113 2966 1150 3006 an
1169 2953 1230 3006 tum
1248 2946 1370 3007 brachia

236 3035 455 3094 consuescunt?
467 3028 599 3114 (-405)
612 3033 662 3108 qui
674 3037 772 3093 autem
784 3034 878 3108 possit
886 3033 1002 3108 Jupiter
1013 3034 1044 3092 in
1055 3035 1161 3092 multas
1174 3023 1259 3091 simul
1269 3037 1369 3106 partes

235 3119 353 3178 mittere
382 3119 528 3179 fulmina?
553 3114 729 3200 (411-16)
761 3137 813 3177 cur
842 3119 969 3194 denique
997 3123 1099 3179 sancte
1129 3117 1216 3177 deum
1245 3119 1368 3177 delubra

235 3221 363 3278 suasque
382 3203 469 3263 sedes
487 3206 610 3264 fulmine
633 3204 776 3263 discutit?
800 3200 985 3285 (417-20).
1040 3205 1123 3262 Haec
1141 3203 1239 3262 omnia
1254 3203 1284 3261 in
1303 3206 1322 3261 l.
1341 3204 1369 3262 Il

235 3307 294 3349 uua
311 3288 367 3347 hac
386 3290 508 3364 periodo
529 3289 832 3362 comprehenduntur:
852 3290 936 3363 quis
954 3307 1096 3348 summam
1114 3289 1248 3348 immensi
1265 3307 1372 3364 regere

115 3384 120 3397 “
235 3374 341 3450 potis
360 3380 436 3452 est,
461 3376 526 3450 quis
546 3376 644 3433 caelos
663 3391 764 3432 omnes
777 3379 951 3433 convertere
973 3379 1003 3433 et
1020 3379 1116 3433 terras
1133 3375 1253 3450 ignibus
1271 3375 1371 3436 suffire

235 3462 303 3520 inve
321 3459 456 3521 omuibus
473 3459 547 3519 locis
566 3459 644 3518 omni
664 3462 796 3534 tempore
808 3464 930 3533 praesto
943 3477 1018 3538 esse,
1037 3465 1070 3520 ut
1087 3462 1214 3521 nubibus
1231 3462 1371 3521 tenebras

236 3545 342 3623 faciat,
369 3550 445 3605 tum
467 3540 591 3603 fulmina
615 3544 714 3603 mittat
743 3548 773 3603 et
790 3543 873 3604 aedis
897 3563 987 3621 saepe
1005 3564 1096 3606 suas
1116 3547 1263 3607 disturbet
1290 3550 1319 3605 11
1340 3548 1371 3605 in

236 3634 354 3691 deserta
372 3632 516 3690 recedens
534 3631 650 3690 saeviat
668 3646 859 3690 exercens
877 3633 1009 3709 telum,
1029 3632 1107 3706 quod
1123 3649 1213 3705 saepe
1232 3637 1371 3692 nocentes

236 3715 380 3792 praeterit
405 3716 612 3791 exanimatque
639 3715 800 3790 indignos?
855 3716 902 3776 Ne
924 3718 1083 3792 suspiceris
1106 3718 1274 3776 Lucretium
1305 3735 1371 3776 cum

235 3803 278 3861 ita
289 3802 461 3877 loqueretur
480 3802 640 3861 nondum
660 3801 832 3863 distinxisse
850 3803 1078 3878 cogitationibus
1098 3804 1229 3877 singula:
1255 3821 1371 3882 „neque

141 3897 143 3906 '
235 3892 368 3963 potest
388 3905 462 3947 unus
480 3888 634 3962 Jupiter
652 3905 794 3946 summam
815 3905 937 3967 regere,
957 3905 1072 3967 neque,
1092 3889 1118 3948 si
1138 3893 1250 3967 posset,
1281 3907 1372 3948 suas

235 3973 321 4032 sedes
334 3973 515 4032 disturbaret
525 3978 577 4032 aut
588 3972 725 4032 innoxios
744 3978 863 4047 peteret
880 3979 931 4033 aut
949 3975 1014 4032 loca
1032 3975 1111 4052 eola3
1135 3993 1177 4033 an
1197 3979 1258 4033 tum
1277 3976 1370 4034 lacer-

236 4063 282 4117 tos
305 4075 370 4116 eum
388 4058 504 4118 firmare
527 4057 659 4132 putas“?
704 4058 781 4117 Nam
799 4063 833 4118 ut
863 4058 1078 4119 demonstraret
1106 4065 1240 4118 naturam
1268 4078 1372 4135 perse

235 4143 333 4202 omnia
362 4161 473 4222 creare,
505 4161 558 4204 eur
586 4148 795 4220 argumentum
826 4161 842 4202 c
868 4143 1038 4204 fulminibus
1055 4145 1158 4223 petiit,
1190 4163 1254 4204 cum
1281 4148 1374 4206 multa

235 4229 382 4292 mirabilia
398 4229 531 4290 homines
550 4230 691 4290 divinitus
713 4228 777 4287 lieri
796 4229 996 4310 arbitrentur,
1027 4230 1083 4290 nisi
1101 4231 1132 4290 in
1150 4231 1169 4290 l.
1190 4231 1238 4309 Vl,
1259 4231 1309 4290 ubi
1336 4231 1373 4291 de
