3198 4938
695 338 865 398 ..41-

258 507 302 568 III
320 505 470 568 620-40
487 526 612 584 corpora
630 511 748 568 exstem
766 510 797 568 et
821 508 926 589 inane,
956 527 1033 586 quae
1051 527 1084 571 se
1102 511 1224 571 alternis
1243 509 1345 570 distin·

484 598 593 674 guunt3
609 594 662 655 illa
679 613 737 654 nou
755 598 878 670 possunt
896 599 1042 672 temptata
1060 597 1172 675 labare,
1192 614 1259 656 nam
1273 641 1280 656 .
1294 641 1301 656 .
1315 641 1345 673 .‚

484 685 552 740 sunt
572 680 664 756 igitur
682 683 858 741 aeterna.

216 784 279 842 Iam
307 801 366 842 non
390 783 561 866 mirabimur
586 784 611 844 si
643 787 849 858 argumentum
877 784 919 844 IV
943 780 1119 867 (540-50)
1148 787 1250 846 eodem
1281 802 1347 860 spea

217 873 288 929 ctat.
333 869 446 944 Quodsi
467 874 566 930 monet
585 870 641 929 01.
660 870 690 927 in
716 887 765 928 vv.
785 869 935 929 548-50
959 871 1059 947 colligi
1082 870 1262 931 soliditatem
1284 876 1346 930 ato-

216 972 329 1014 morum
354 972 392 1014 ex
420 957 613 1030 aeternitate,
641 973 708 1014 cum
731 959 832 1015 tamen
855 957 944 1031 paulo
970 963 1038 1019 ante
1064 951 1139 1039 (538
1163 952 1244 1039 sqq.)
1271 955 1346 1016 haec

218 1059 254 1101 ex
272 1042 324 1101 illa
343 1040 501 1102 efficiatur:
528 1042 654 1101 alterum
682 1045 780 1120 recte,
807 1043 931 1100 alterum
955 1043 1051 1103 minus
1074 1045 1212 1104 accurate
1230 1043 1347 1102 videtur

216 1131 356 1188 statuere.
399 1128 509 1203 Neque
538 1127 614 1187 enim
644 1126 770 1186 efficitur
794 1127 823 1185 in
853 1119 1027 1203 argumento
1053 1131 1094 1190 IV
1112 1124 1287 1210 (548-50)
1310 1145 1347 1188 ex

217 1214 394 1274 aeternitate
423 1214 566 1291 soliditas,
595 1214 650 1273 sed
678 1213 773 1273 altera
801 1212 881 1272 notio
914 1214 1000 1273 alteri
1030 1231 1067 1274 ex
1099 1232 1195 1290 aequo
1230 1215 1349 1292 ponitur

217 1299 330 1375 pariter
348 1318 383 1360 ao
401 1300 474 1360 518.
495 1302 545 1378 19,
564 1300 614 1358 ubi
634 1299 741 1358 dicitur
767 1301 979 1375 tantummodo,
1003 1319 1062 1362 non
1082 1302 1235 1380 evincitur,
1254 1305 1346 1360 mate-

218 1385 301 1463 riam,
321 1387 346 1445 si
365 1385 461 1446 solida
479 1386 526 1465 sit,
546 1402 612 1445 esse
629 1387 790 1444 aeternam.
819 1385 885 1444 Huc
902 1387 1032 1460 pertinet
1050 1389 1128 1462 quod
1145 1391 1319 1463 argumento
1334 1387 1349 1445 1

219 1471 249 1530 id
267 1489 357 1532 unum
375 1471 519 1547 probatur
537 1465 626 1552 (510)
651 1469 834 1548 „primordia
859 1487 925 1531 esse
953 1469 1085 1551 solida“‚
1116 1491 1294 1549 quamquam
1316 1472 1347 1530 in

219 1557 316 1616 animo
335 1562 399 1617 erat
416 1563 522 1632 potitae
541 1558 744 1616 demonstrare
762 1549 852 1636 (500)
871 1573 957 1633 „esse
976 1575 1013 1617 ea
1030 1577 1107 1635 quae
1118 1558 1213 1618 solide
1230 1562 1347 1634 atque

220 1647 380 1703 aeterno
405 1661 529 1720 corpore
554 1640 721 1702 constent“.
765 1643 859 1702 Recte
873 1647 982 1702 autem
1007 1644 1216 1705 animadvertit
1237 1643 1294 1704 Gn.
1316 1644 1348 1703 in

218 1735 391 1804 argumento
409 1731 453 1788 Ill
471 1746 507 1788 ex
526 1728 677 1788 soliditate
695 1726 773 1787 effici
790 1727 1006 1789 aeternitatem.
1041 1729 1173 1791 Alteram
1188 1747 1259 1790 sane
1278 1747 1346 1789 881-

217 1813 349 1875 firmasse
379 1816 452 1875 satis
470 1820 551 1892 erat3
581 1815 635 1874 sed
660 1832 697 1874 ex
724 1812 781 1873 hac
807 1813 987 1874 verbositate
1012 1816 1140 1891 suspicio
1164 1834 1223 1876 non
1248 1819 1347 1891 potest

215 1900 820 1978 88681.548-508888111818811188,
848 1900 1025 1975 praesertim
1050 1920 1115 1961 cum
1139 1903 1196 1962 duo
1223 1901 1346 1961 extremi

215 1987 286 2046 alibi
301 2006 359 2047 181
378 1991 542 2047 occurrant.
573 2020 615 2029 —
644 1987 689 2044 De
707 1987 773 2044 loco
792 1985 933 2061 primario
957 1987 1037 2047 illius
1061 1987 1222 2064 superioris
1246 1987 1345 2047 dicere

215 2074 404 2148 supersedeo.

343 2157 987 2218 1673=1797=11756=11864

257 2263 295 2305 ne
313 2245 368 2305 tibi
386 2262 434 2305 res
452 2244 576 2305 redeant
593 2242 632 2303 ad
649 2243 741 2303 nilum
758 2242 889 2305 funditus
908 2262 1019 2305 omnes.

389 2326 460 2411 (Gn.
478 2332 528 2408 62,
552 2331 606 2389 To.
627 2330 698 2408 551,
722 2329 772 2389 Br.
790 2325 875 2412 206).

215 2418 339 2476 Versum
368 2417 478 2478 11864
496 2416 656 2476 Goebelius
682 2421 795 2491 quaest.
820 2415 909 2476 Lucr.
928 2434 978 2492 pg.
999 2418 1039 2475 27
1058 2433 1102 2491 sq.
1121 2416 1232 2491 primus
1250 2416 1344 2490 suspi-

216 2508 298 2562 catus
324 2506 370 2562 cst
395 2501 637 2564 antecedentibus
663 2503 735 2560 862.
766 2502 785 2559 3
815 2520 855 2579 „a
872 2503 983 2561 lectore
1012 2500 1093 2560 baud
1121 2502 1238 2576 quidem
1269 2517 1343 2560 som-

216 2584 329 2646 nianti“
360 2588 519 2663 ascriptum
549 2605 624 2648 esse.
680 2587 765 2646 Hanc
799 2587 975 2647 sententiam
1004 2587 1133 2662 amplexi
1169 2591 1237 2646 sunt
1265 2586 1344 2646 Neu-

216 2691 349 2750 mannus,
369 2673 425 2733 01.
438 2668 470 2754 ¹).
514 2673 701 2734 Oontendunt
728 2673 806 2731 enim
832 2667 882 2755 (cf.
910 2669 980 2755 Gn.)
1009 2707 1044 2716 -
1072 2691 1109 2734 ne
1134 2673 1231 2734 dicam
1254 2671 1290 2732 de
1309 2690 1344 2732 eo

217 2761 295 2835 quod
313 2760 418 2819 abesse
435 2760 565 2835 possit
589 2795 631 2803 -
656 2776 764 2818 nexum
783 2759 1000 2820 enuntiatorum
1019 2778 1054 2820 eo
1071 2759 1201 2820 turbari:
1221 2759 1267 2838 „si
1287 2777 1344 2818 vo-

217 2846 337 2904 lumus
356 2845 544 2924 subiungere,
563 2864 601 2905 ne
618 2845 692 2905 tibi
710 2843 865 2906 redeant“.
886 2844 926 2905 At
944 2845 971 2906 si
988 2846 1139 2921 superiore
1157 2851 1242 2920 parte
1259 2843 1346 2904 huius

217 2931 470 2991 commentationis
489 2931 601 3006 aliquid
620 2934 794 2991 consecutus
813 2947 891 3010 sum,
918 2935 1014 2990 etam
1031 2931 1193 2991 leviuscula
1211 2949 1243 2990 re
1262 2929 1345 2989 dubi-

217 3017 289 3077 tatio
306 3036 365 3077 uon
383 3021 542 3093 repetetur.
587 3016 683 3094 Adde,
702 3016 727 3074 si
745 3016 798 3076 illa
816 3017 941 3076 variatio
960 3017 1077 3077 omnino
1101 3017 1238 3094 offendit,
1266 3015 1345 3090 quod
1419 3059 1420 3064 .

216 3121 275 3161 181
292 3121 320 3162 v.
340 3103 403 3162 864
425 3107 548 3178 propter
568 3099 663 3180 „tibi“
691 3102 744 3161 sed
762 3121 791 3160 v.
811 3102 873 3160 862
891 3108 1013 3178 propter
1032 3100 1206 3182 ‚,volumus“
1229 3105 1344 3160 tentan-

217 3189 271 3248 dus
290 3192 364 3248 erat.
405 3189 482 3247 Nam
496 3192 560 3248 tota
577 3188 634 3248 bac
651 3191 736 3264 parte
754 3187 907 3247 Memmius
925 3189 988 3248 sive
1007 3188 1103 3263 quivis
1119 3187 1195 3248 alius
1213 3187 1344 3263 appella-

216 3279 279 3333 tur:
306 3276 368 3333 842
387 3291 425 3334 18
447 3279 549 3352 putes,
569 3275 631 3334 849
650 3292 716 3333 cum
733 3272 885 3350 instituas,
905 3275 968 3333 850
986 3273 1082 3349 quoad
1101 3274 1181 3350 potis
1199 3291 1241 3334 es.
1285 3272 1345 3333 Sed

215 3359 271 3419 hoc
290 3378 376 3435 quam
394 3361 583 3421 temerarium
601 3361 680 3420 sitin
698 3363 835 3436 promptu
854 3354 945 3442 est2).
964 3360 1085 3420 Hiatum
1103 3361 1240 3439 denique,
1258 3377 1345 3435 quem

300 3612 329 3677 1)
346 3611 408 3664 To:
431 3610 490 3664 dass
513 3611 539 3664 ΙΙ
557 3610 609 3665 864
627 3652 658 3664 ..
681 3651 687 3663 .
717 3610 775 3666 bier
796 3612 859 3664 sehr
880 3611 1035 3678 verdtchtig
1053 3611 1101 3676 sei,
1124 3611 1210 3679 geben
1237 3609 1284 3664 vvir
1302 3627 1342 3677 zu,

214 3681 305 3734 holten
324 3680 389 3734 aber
407 3680 450 3733 die
467 3678 632 3734 Unech'tbeit
649 3680 697 3733 der
714 3680 860 3747 llbrigen
878 3679 981 3733 Stellen
1000 3681 1075 3734 nicht
1092 3679 1136 3734 fllr
1153 3681 1291 3734 erviesen.

299 3748 419 3808 Br.:‚ich
436 3764 507 3802 muss
525 3749 594 3802 mich
613 3748 757 3815 begnugen
774 3749 835 3802 mit
853 3749 899 3815 To.
918 3749 955 3816 (2)
971 3749 1192 3816 auazusprechen,
1216 3748 1275 3801 dass
1293 3748 1344 3800 mir

214 3817 265 3871 Gn.
285 3819 360 3871 scine
378 3818 519 3870 Annahme
536 3816 663 3883 nirgends
682 3816 815 3870 beviesen
833 3833 867 3870 zu
884 3817 972 3870 haben
990 3819 1102 3871 scheint.

300 3886 330 3953 2)
347 3885 475 3940 Similiter
492 3885 578 3940 oratio
604 3885 722 3939 variatur
746 3901 769 3939 e.
788 3901 813 3952 g.
832 3883 925 3939 11381
952 3885 1081 3954 perfacile
1107 3888 1150 3940 est
1172 3884 1271 3938 nobis
1295 3883 1343 3937 tali

212 3956 319 4010 ratione
338 3955 484 4020 exsolvere,
503 3970 584 4022 quare
602 3994 608 4006 .
629 3994 635 4006 .
654 3995 659 4006 .
679 3953 731 4008 384
748 3953 836 4008 dicere
854 3953 927 4007 enim
944 3953 1060 4022 possis.

299 4023 338 4076 III
362 4023 413 4078 760
436 4023 477 4076 sin
502 4023 620 4088 dicent,
654 4023 705 4076 766
734 4021 908 4090 confugient
937 4063 943 4074 .
967 4063 973 4075 .
999 4063 1005 4075 .
1029 4064 1035 4076 .
1058 4022 1174 4078 fateare
1197 4027 1341 4078 necessest.

213 4091 251 4146 1v
269 4091 337 4145 1145
354 4108 390 4146 ne
408 4091 548 4155 inficiaris,
573 4091 641 4145 1146
663 4107 699 4145 18
715 4091 843 4146 iaciamur
868 4090 943 4158 (nam
967 4090 1106 4156 „ieciaris“
1123 4091 1266 4160 legendum
1283 4107 1343 4146 esse

213 4161 447 4214 Bockemuellerus
463 4160 517 4228 (ed.
536 4160 574 4215 1v
592 4161 675 4229 1139)
691 4159 757 4214 mihi
774 4176 829 4214 non
864 4158 976 4214 robavit.
999 4159 1061 4214 Non
1079 4160 1184 4227 quidem
1202 4160 1343 4214 Memmius

213 4232 339 4283 monetur
355 4245 390 4283 ne
409 4229 552 4296 inficiatum,
571 4229 618 4283 sed
636 4244 826 4298 quemcumque
883 4244 945 4296 ges;
969 4228 1122 4283 Lucretium
1141 4229 1230 4299 potius
1256 4229 1343 4299 ipsum

214 4297 372 4354 crediderim
402 4298 529 4353 clamasse
555 4315 615 4353 cum
642 4297 707 4354 dicit
728 4297 766 4354 IV
783 4298 834 4354 577
865 4298 939 4362 „loca
964 4311 1012 4352 sex
1037 4313 1115 4354 voces
1140 4299 1254 4354 reddere
1279 4298 1342 4366 vidi,
