3198 4938
749 267 918 325 —50-

273 441 331 502 iam
356 439 451 500 denuo
481 437 654 513 suscipimus
678 436 896 515 quaestionem,
923 453 1009 510 quam
1034 440 1102 496 ante
1121 441 1397 502 commentationem

272 525 368 601 ipsam
395 525 594 600 reposuimus:
631 540 699 581 num
736 522 890 596 probabile
921 523 959 581 sit
987 522 1017 579 in
1045 524 1238 597 perpoliendo
1267 528 1396 586 carmine

271 616 389 686 poetam
407 628 444 670 ea
460 614 638 668 remotorum
655 608 755 667 fuisse.
808 607 891 680 Quae
915 608 1011 682 ipsum
1029 607 1166 667 videntur
1183 608 1334 689 fefellisse,
1359 612 1396 671 de

272 697 315 756 eis
340 715 398 756 non
424 699 468 754 est
492 692 571 768 quod
594 693 741 769 copiosius
764 693 878 771 dicam,
901 693 955 752 sed
974 694 1080 752 multos
1098 712 1147 752 vv.
1166 695 1263 756 sciens
1281 697 1318 755 de
1336 713 1396 756 me-

272 781 365 840 moria
382 780 510 856 repetiit.
543 779 590 839 Ne
607 778 662 838 hoe
682 778 800 854 quidem
817 781 899 838 'recte
917 777 999 838 dices
1017 796 1083 837 eum
1100 783 1278 838 mutaturum
1295 780 1397 859 fuisse,

273 867 410 941 quoniam
429 864 538 924 diserte
555 865 701 924 interdum
724 863 852 939 priorem
877 866 973 923 locum
992 863 1160 939 legentibus
1178 865 1209 924 in
1226 867 1398 925 memoriam

271 957 400 1030 revocat,
419 951 484 1026 ipse
495 950 585 1024 igitur
596 951 801 1025 repetitionem
814 949 968 1010 admisisse
980 949 1145 1010 censendus
1157 955 1212 1009 est.
1230 950 1397 1026 Ampliores

272 1042 371 1095 autem
399 1035 465 1095 illas
494 1053 632 1095 versuum
661 1035 889 1114 complexiones,
921 1052 997 1110 quae
1027 1040 1060 1094 ut
1087 1035 1127 1094 ad
1155 1037 1278 1096 verbum
1306 1054 1398 1111 saepe

273 1122 430 1181 concinunt
453 1121 496 1180 ita
521 1123 638 1181 evoluto
663 1121 791 1180 carmine
815 1121 939 1180 iteratae
958 1120 1103 1198 videntur,
1129 1121 1155 1180 si
1172 1122 1240 1196 quis
1257 1139 1309 1182 eas
1328 1139 1396 1181 con-

271 1206 374 1269 tendat
398 1206 567 1267 Lucretium
592 1207 622 1265 in
648 1208 736 1266 aliam
761 1205 886 1266 formam
909 1210 1078 1265 coacturum
1105 1206 1206 1284 fuisse,
1230 1225 1288 1266 non
1305 1207 1398 1267 multa

270 1292 366 1352 habeo
393 1311 468 1368 quae
493 1310 649 1368 opponam.
689 1291 880 1352 Emendatori
904 1309 976 1351 vero
1002 1309 1039 1350 ue
1057 1309 1111 1351 eae
1129 1293 1248 1366 quidem
1265 1293 1398 1352 tribuen-

271 1377 329 1438 dae
347 1379 493 1439 videntur.
538 1379 615 1437 Nam
634 1396 811 1453 quamquam
829 1377 1013 1436 incommoda
1030 1377 1181 1457 orationis,
1204 1396 1327 1453 quorum
1346 1379 1398 1438 ali·

272 1468 344 1538 quot
359 1465 563 1541 indicavimus,
584 1464 710 1522 embolia
727 1462 841 1522 infirmo
860 1464 1032 1538 plerumque
1050 1463 1167 1522 vinculo
1187 1481 1252 1522 eum
1271 1465 1399 1523 carmine

271 1549 387 1629 iuncta,
411 1553 601 1627 argumenta,
628 1567 751 1624 quorum
777 1550 837 1608 alia
861 1552 928 1608 sunt
952 1548 1046 1608 minus
1069 1553 1240 1609 constanter
1257 1549 1296 1609 ad
1313 1549 1400 1609 linem

271 1636 423 1714 perducta,
451 1635 510 1695 alia
532 1635 563 1693 in
587 1635 696 1694 iustum
721 1634 854 1694 ordinem
879 1652 938 1693 non
955 1635 1087 1713 redacta,
1108 1635 1273 1694 luculenter
1294 1637 1402 1696 docent

273 1739 391 1781 carmen
416 1740 474 1779 non
500 1717 634 1780 omnibus
660 1720 788 1778 numeris
814 1720 981 1779 absolutum
1002 1736 1078 1798 esse,
1102 1724 1202 1779 tamen
1221 1725 1251 1779 et
1270 1721 1400 1795 disputa·

272 1808 368 1866 tiones
395 1812 425 1866 et
450 1805 601 1882 prooemia
627 1823 663 1866 ea
689 1823 748 1882 qua
772 1823 849 1864 nuuc
875 1810 994 1865 exstant
1016 1804 1111 1864 forma
1133 1811 1278 1881 concepta
1300 1811 1402 1866 sunta

274 1893 420 1953 Lucretio.

734 2181 940 2188 ———.

737 2404 861 2498 Caput
884 2406 937 2482 11.
985 2366 990 2383 Χ

441 2595 504 2674 [lc
535 2593 697 2675 ratione
730 2625 837 2704 quae
869 2593 1094 2676 intercedit
1129 2594 1241 2674 inter

538 2711 786 2796 Lucretium
817 2726 862 2798 et
892 2714 1137 2824 Epicurum.

362 2913 525 2990 Woltjerus
562 2909 706 2997 (Lucretii
739 2916 926 2992 philosophia
962 2934 1028 2975 cum
1063 2913 1194 2974 fontibus
1223 2922 1403 2997 comparata,

279 3002 449 3077 Groningae
476 2997 572 3084 1877)
598 3007 682 3061 extra
704 3003 915 3062 dubitationem
937 3001 1036 3078 posuit
1054 3001 1223 3060 Lucretium
1240 3020 1300 3061 non
1317 3003 1403 3062 modo

278 3089 308 3146 in
327 3089 494 3147 universum
512 3088 632 3163 Epicuri
657 3088 820 3149 doctrinam
838 3090 972 3167 reddere,
999 3089 1052 3146 sed
1069 3087 1186 3162 singula
1205 3088 1294 3146 etiam
1313 3089 1351 3148 ab
1370 3107 1405 3148 eo

278 3174 420 3248 petivisse
446 3177 630 3248 argumenta.
683 3174 742 3234 Sed
768 3176 846 3249 quod
870 3174 1039 3234 discrimina
1057 3172 1169 3252 statuit,
1192 3174 1298 3247 quibus
1316 3175 1403 3233 Luer.

279 3259 413 3333 magistri
429 3257 642 3333 philosophiam
656 3259 869 3338 contaminarit,
889 3277 983 3336 eaque
1002 3263 1067 3318 orta
1086 3275 1151 3318 esse
1169 3258 1321 3319 contendit
1335 3261 1405 3320 iude

281 3344 359 3419 quod
378 3343 530 3402 Lucretius
549 3344 611 3403 eius
625 3348 753 3405 mentem
767 3363 826 3404 non
848 3346 920 3406 satis
934 3344 1110 3423 perceperit,
1129 3345 1206 3403 ultra
1220 3363 1322 3405 verum
1336 3363 1404 3420 pro-

280 3430 365 3506 gredi
382 3429 453 3488 mihi
471 3427 596 3488 videtur.

365 3514 525 3589 Epicurum
551 3515 593 3574 ait
617 3534 669 3591 pg.
697 3516 758 3574 100
784 3534 829 3591 sq.
857 3510 907 3597 (ci.
934 3534 986 3591 pg.
1015 3511 1088 3598 178)
1118 3520 1316 3591 congruenter
1341 3533 1405 3576 cum

280 3600 486 3676 philosophiae
498 3618 568 3659 suae
579 3599 769 3662 fundamento
781 3603 920 3662 statuisse
931 3602 1097 3662 libertatem
1108 3602 1278 3680 voluntatis,
1296 3602 1404 3660 Lucre-

281 3687 351 3746 tium
370 3682 433 3769 (pg.
446 3681 500 3768 99)
518 3687 720 3747 inconstanter
737 3689 767 3746 in
786 3689 804 3746 l.
817 3689 846 3746 Π
864 3689 971 3770 docere
988 3689 1169 3748 voluntatem
1187 3706 1253 3748 esse
1270 3687 1404 3766 liberam,

282 3777 384 3833 contra
404 3773 434 3831 in
452 3774 471 3832 l.
490 3773 532 3832 IV
551 3790 615 3832 eam
634 3792 716 3833 suam
734 3773 846 3834 habere
865 3792 993 3853 causam,
1017 3792 1089 3848 ergo
1111 3791 1170 3834 non
1188 3791 1254 3833 esse
1272 3774 1406 3833 liberam.

281 3859 354 3918 Mihi
372 3858 526 3920 Lucretius
552 3857 664 3919 dehac
688 3877 721 3918 re
745 3877 841 3934 neque
858 3877 956 3919 seeum
982 3860 1099 3919 videtur
1122 3877 1256 3934 pugnare
1274 3876 1406 3933 nequea

281 3944 414 4018 magistri
432 3945 579 4004 sententia
596 3946 745 4004 aberrare.
782 3946 836 4004 Cui
854 3946 972 4020 quidem
991 3945 1062 4020 quid
1079 3945 1223 4019 placuerit
1241 3945 1406 4004 accuratius

282 4032 460 4105 perscrutari
478 4048 536 4089 non
554 4049 627 4105 opus
646 4035 700 4090 est.
737 4029 845 4091 Omnes
863 4031 940 4090 enim
958 4031 1117 4105 scriptores
1135 4029 1307 4090 confirmant
1323 4031 1405 4090 testi-

282 4116 409 4176 monium
422 4117 565 4190 Diogenis
577 4118 675 4176 Laert.
695 4117 743 4191 qui
755 4118 782 4175 X
794 4119 833 4175 33
853 4117 944 4176 tradit
965 4134 1030 4175 eum
1040 4116 1169 4175 voluisse
1181 4113 1234 4194 „cd
1246 4112 1317 4196 παρ’
1329 4111 1407 4188 ἡμᾶς
1458 4123 1464 4132 ·

282 4195 443 4262 ἀδέσποτον
461 4195 535 4260 εἶναι
552 4203 572 4261 i.
599 4221 625 4262 e.
649 4204 828 4262 voluntatem
846 4219 912 4262 esee
930 4202 1062 4261 liberam.
1107 4201 1195 4261 Cuius
1213 4202 1357 4262 libertatis
1379 4201 1408 4259 ei
