3198 4938
682 335 853 392 ...49-

204 505 355 581 ceptiones
378 503 441 563 lieri
463 501 597 565 11111111.
623 505 700 564 Nam
721 523 796 585 „cur
812 503 906 580 frigus
928 506 1009 564 calor
1026 507 1125 562 aestus
1137 502 1232 578 magis
1248 522 1329 564 rece·

204 592 276 651 dant
294 590 425 650 alluviis
443 590 504 649 sole
523 591 617 670 undis,
645 609 733 666 quam
752 609 778 650 e.
801 609 831 666 g.
855 592 893 651 ab
918 590 1064 650 olentibus
1086 589 1175 648 rebus
1195 607 1328 669 corpora,

205 695 282 752 quae
303 676 423 736 odorem
443 675 582 755 excitant,
600 676 763 736 hiscendist
780 677 859 735 nulla
876 671 1029 751 potestas“
1049 669 1162 756 (1111
1178 671 1327 758 54-66).

204 763 272 822 Non
296 763 389 838 igitur
411 762 530 821 videtur
553 761 628 822 haec
657 780 726 838 pars
752 761 912 822 abhorrere
931 781 950 821 a
971 762 1057 838 libro,
1076 762 1126 835 qui
1144 763 1190 820 est
1207 759 1244 819 de
1262 780 1328 820 sen·

204 847 545 923 sunmperceptionibus.
574 848 818 923 Negaturautem
845 866 909 907 eam
935 849 1084 923 pertinere
1105 845 1144 906 ad
1165 847 1329 906 celerem

205 936 341 992 motum
359 934 589 992 simulacrorum.
613 933 653 993 At
669 932 726 992 boc
744 938 832 1008 caput
850 935 1015 994 absolutum
1033 936 1078 992 est
1095 951 1125 992 v.
1145 933 1224 1011 2153
1244 933 1328 1008 eique

206 1021 354 1079 clausulae
378 1021 443 1078 loco
466 1019 683 1094 subiunguntur
708 1039 756 1078 vv.
778 1021 849 1078 216.
871 1021 920 1099 17,
946 1036 1034 1080 11111
1057 1023 1154 1077 autem
1174 1019 1329 1078 21811111

205 1105 434 1183 simulacrorum,
461 1123 537 1179 quae
562 1105 661 1165 oculos
685 1105 815 1184 laedunt,
839 1104 1016 1166 transfertur
1037 1103 1076 1162 ad
1095 1108 1194 1164 cetera
1211 1103 1330 1164 effluvia

205 1185 280 1271 (219
305 1191 397 1250 fluunt
416 1235 423 1250 .
443 1235 451 1249 .
470 1191 585 1269 odores,
612 1193 672 1248 221
697 1207 787 1250 voees
813 1191 939 1250 volitant
962 1210 1017 1267 per
1042 1207 1138 1268 auras,
1166 1190 1329 1249 2221111

205 1276 286 1335 11111
309 1293 393 1335 umor
417 1272 562 1359 saporis);
590 1283 679 1350 atque
704 1276 790 1336 huius
814 1277 933 1351 quidem
954 1275 1048 1353 partis
1067 1293 1179 1335 summa
1197 1294 1328 1351 compre-

203 1361 341 1421 henditur
358 1379 406 1420 vv.
426 1363 487 1420 225
506 1379 572 1437 sqq.
596 1357 701 1444 (usque
719 1361 794 1422 adeo
813 1365 851 1424 ab
869 1364 1003 1423 omnibus
1021 1363 1110 1422 rebus
1128 1379 1176 1420 res
1195 1379 1329 1436 quaeque

140 1451 148 1464 “
202 1448 326 1508 fluenter
361 1446 454 1506 fertur
486 1449 549 1507 sine
578 1466 661 1507 mora
688 1466 724 1506 ac
752 1449 870 1527 requie,
907 1450 1045 1524 quoniam
1085 1447 1182 1506 omnia
1213 1465 1330 1522 semper

204 1551 325 1592 cernere
350 1533 468 1592 odorari
490 1533 560 1593 licet
585 1537 615 1593 11
634 1535 745 1593 1111111
768 1529 897 1616 sonare).
917 1569 959 1578 -—
977 1534 1060 1608 Quae
1084 1533 1110 1591 si
1133 1537 1215 1613 recte
1239 1550 1328 1608 expo-

204 1619 261 1678 sita
295 1620 379 1696 sunt,
408 1637 467 1695 vv.,
496 1619 534 1679 de
564 1619 669 1695 quibus
698 1620 822 1698 agimus,
845 1621 874 1679 iu
904 1621 924 1678 1.
950 1621 991 1680 IV
1019 1638 1072 1680 suo
1101 1622 1218 1678 exstant
1246 1619 1328 1698 loco,

204 1703 275 1778 quin
301 1704 408 1763 iustam
432 1705 520 1764 etiam
544 1707 644 1765 sedem
670 1710 790 1765 teneant
811 1705 842 1765 in
867 1706 887 1764 l.
908 1707 956 1785 Vl,
980 1723 1065 1764 nemo
1083 1721 1221 1778 umquam
1244 1705 1328 1765 dubi-

203 1789 288 1848 tavit.
337 1789 394 1848 Hic
420 1790 497 1849 enim
520 1809 621 1850 eorum
646 1809 703 1865 ope
728 1808 770 1850 so.
794 1790 919 1851 11111111
944 1792 1109 1867 explicatur
1132 1790 1182 1864 qui
1206 1791 1330 1865 Magnes

203 1875 280 1951 lapis
312 1873 422 1935 sermm
456 1877 565 1936 ducere
601 1877 705 1951 possit.
758 1877 821 1936 Iam
850 1894 960 1952 quaeso
988 1882 1159 1952 reputemus
1187 1877 1224 1934 ad
1255 1875 1331 1934 hauc

204 1978 266 2020 rem
291 1961 389 2020 omnia
412 1964 548 2037 exempla
570 1962 753 2022 effluviorum
781 1965 895 2038 pariter
926 1963 1149 2023 accommodata
1171 1979 1252 2040 esse,
1282 1964 1331 2020 vel

204 2046 303 2120 potius
342 2046 455 2120 frigore
491 2047 645 2106 fluviorum
685 2049 784 2108 calore
820 2050 890 2108 solis
924 2053 1009 2109 aestu
1043 2049 1187 2108 undarum
1222 2049 1330 2106 clarius

205 2131 398 2190 demonstrari
424 2133 513 2191 etiam
540 2134 576 2192 de
598 2133 677 2192 ferro
703 2134 822 2193 effluvia
849 2152 937 2210 posse
962 2134 1103 2194 recedere
1129 2150 1217 2207 quam
1242 2150 1268 2191 e.
1300 2151 1329 2207 g.

206 2216 296 2276 odore
323 2223 353 2276 et
383 2219 490 2296 sonitu,
519 2236 594 2293 quae
619 2218 737 2278 effluvia
762 2237 828 2294 esse
854 2221 969 2279 illorum
995 2220 1111 2280 demum
1136 2220 1271 2294 exemplo
1300 2219 1330 2277 in

204 2301 350 2382 versibus,
373 2320 447 2377 quos
464 2308 632 2383 tractamus,
652 2304 848 2366 confirmatur.
891 2307 973 2381 Ergo
997 2307 1026 2365 in
1049 2307 1068 2366 l.
1088 2304 1128 2366 VI
1152 2304 1182 2362 hi
1205 2324 1253 2363 vv.
1272 2323 1331 2364 non

121 2447 124 2454 ,
204 2388 340 2462 primitus
363 2390 459 2449 locum
484 2395 721 2470 occupaverumt3
743 2393 797 2452 sed
814 2391 925 2468 requiri
947 2392 978 2450 11
1001 2410 1036 2451 eo
1053 2393 1201 2452 videntur.
1245 2391 1340 2461 111111

205 2491 388 2548 consequens
407 2481 452 2534 est
469 2479 593 2550 utroque
611 2478 676 2536 loco
695 2495 747 2536 eos
765 2477 868 2537 deberi
885 2478 1034 2538 Lucretio.

292 2558 378 2632 Quod
395 2561 421 2618 si
437 2561 593 2635 probatum
611 2565 665 2641 est,
684 2563 714 2620 11
732 2581 780 2620 11.

290 2644 304 2701 Ι
323 2644 471 2704 ste-50
492 2667 529 2696 ·.-.
548 2646 590 2705 IV
609 2647 712 2706 1-25

205 2723 233 2872 Sl
251 2729 314 2787 950
331 2747 390 2804 qua
408 2735 521 2792 constet
539 2737 655 2807 compta
672 2732 783 2814 figura,
802 2734 843 2793 IV
861 2735 900 2792 25
927 2752 962 2793 11
981 2734 1127 2816 persentis
1150 2729 1330 2813 utilitatem),

226 2832 242 2872 e
261 2816 367 2888 quibus
386 2832 450 2875 cum
468 2817 526 2892 ipsi
544 2818 717 2877 decertandi
734 2819 879 2879 rationem
896 2838 955 2879 non
972 2821 1136 2895 praebeant
1152 2819 1201 2877 diu
1218 2819 1329 2878 dissen-

204 2901 282 2959 tiunt
304 2901 437 2961 homines
462 2903 551 2983 docti,
577 2922 635 2964 non
654 2905 762 2964 diutius
784 2905 990 2965 remorandum
1008 2910 1064 2965 est.
1109 2905 1225 2964 Etenim
1243 2905 1269 2964 si
1287 2905 1330 2963 111

204 2986 234 3043 11
260 3005 333 3060 quos
358 2988 563 3062 inquisivimus
588 2990 723 3050 versibus
747 2991 835 3051 Lucr.
862 3009 968 3051 revera
986 2990 1031 3050 bis
1049 2991 1080 3050 11
1098 2991 1223 3049 diversis
1241 3007 1329 3064 argu-

205 3071 311 3129 mentis
328 3090 399 3130 usus
417 3077 473 3152 est,
499 3092 551 3133 cur
572 3073 627 3134 hos
651 3075 761 3136 iterare
779 3077 931 3154 dubitarit,
955 3093 1073 3136 causam
1095 3075 1146 3134 vix
1162 3076 1329 3150 indagatis

205 3155 272 3214 Non
291 3157 410 3231 quidem
427 3159 503 3218 sicut
521 3160 564 3219 illi
581 3161 745 3221 inserviunt
761 3163 819 3237 ipsi
837 3162 1046 3240 disputationi3
1066 3163 1118 3221 sed
1136 3161 1161 3219 si
1179 3162 1331 3221 exordium

204 3241 273 3301 libri
297 3243 339 3301 Vl
362 3261 381 3302 a
405 3244 543 3304 Lucretio
568 3245 731 3322 perfectum
758 3253 803 3308 est
829 3243 880 3330 (11.
911 3267 961 3324 pg.
987 3243 1058 3328 47),
1084 3248 1173 3307 etiam
1197 3247 1266 3308 libri
1290 3248 1331 3306 lV

205 3329 358 3388 exordium
376 3329 413 3388 ab
433 3348 468 3390 eo
485 3333 680 3407 perscriptum
699 3351 765 3393 esse
782 3335 883 3410 colligi
900 3335 978 3392 licet.
1023 3333 1095 3398 111.
1113 3335 1128 3391 Ι
1145 3338 1244 3393 tamen
1264 3334 1330 3392 illos

205 3432 254 3471 vv.
273 3414 408 3487 primitus
425 3416 520 3476 locum
538 3416 676 3479 habuisse
695 3436 753 3477 non
770 3437 825 3494 per
842 3437 874 3479 se
892 3424 1006 3479 tantum
1026 3419 1179 3494 probabile
1198 3423 1252 3497 est,
1277 3418 1330 3478 sed

207 3497 326 3558 difficile
337 3501 524 3582 perspicitur,
544 3522 596 3562 cur
612 3522 726 3582 versus,
746 3507 837 3564 semel
855 3509 924 3580 apte
942 3505 1031 3580 positi
1046 3506 1076 3562 in
1092 3505 1187 3564 fronte
1200 3505 1268 3566 libri
1279 3505 1329 3582 IV,

204 3589 309 3659 postea
334 3587 437 3644 inserti
463 3589 522 3647 sint
546 3589 576 3648 in
600 3589 688 3649 alium
714 3590 835 3670 librum,
861 3592 912 3651 ubi
937 3608 997 3649 non
1021 3592 1195 3665 perturbant
1213 3589 1330 3665 quidem

205 3670 414 3744 disputationis
440 3674 587 3753 ordinem,
613 3693 799 3751 nequaquam
821 3681 921 3736 tamen
945 3676 1131 3754 flagitantur,
1155 3681 1258 3734 contra
1280 3676 1331 3750 qui

205 3754 313 3815 factum
337 3758 377 3818 sit
398 3763 430 3818 ut
451 3765 541 3834 poeta
560 3761 591 3820 in
614 3762 738 3820 materia
755 3779 814 3820 non
835 3767 897 3822 tam
914 3762 1030 3837 poetica
1049 3779 1137 3836 quam
1155 3760 1331 3836 philosopha

207 3860 303 3918 „quae
321 3845 493 3919 plerumque
510 3846 629 3906 videtur
646 3846 759 3906 tristior
777 3847 864 3908 essc“
891 3866 940 3907 eos
962 3848 1057 3922 primo
1081 3863 1168 3906 cursu
1185 3848 1331 3906 intexeret

206 3925 236 3982 in
253 3930 274 3985 l.
291 3929 306 3986 l
322 3947 409 3989 nemo
426 3931 531 4005 opinor
550 3951 609 3991 uon
628 3933 798 4008 persentiet.

291 4097 373 4158 Haec
390 4101 453 4162 fere
472 4105 588 4163 suntin
607 4105 735 4163 carmine
749 4104 926 4163 lrucretiano
944 4104 1061 4163 iterata.
1092 4103 1176 4176 Quae
1194 4103 1331 4178 quoniam

205 4181 345 4244 Lucretio
362 4187 540 4248 vindicanda
558 4208 623 4250 esse
641 4190 727 4250 nobis
745 4191 897 4268 videntur,
927 4189 1075 4266 plerisque
1100 4195 1197 4249 autem
1222 4189 1331 4248 criticis

206 4266 370 4351 displicent,
385 4290 481 4348 neque
497 4275 612 4355 iniuria,
628 4277 652 4334 si
664 4276 703 4334 ad
714 4276 879 4335 severiores
890 4276 1055 4334 venustatis
1066 4277 1148 4350 leges
1162 4275 1328 4365 exiguntur,

1108 4371 1126 4425 4
