3198 4938
730 343 897 399 ..11-

249 516 280 574 in
297 516 318 574 l.
337 516 377 574 Vl
395 514 521 589 primum
540 514 716 590 declaratur,
737 530 794 586 quo
813 512 899 571 modo
917 512 1010 570 nubes
1029 512 1169 589 oriantur,

180 621 189 630 ·
255 621 258 627 ·
293 601 357 658 470
531 599 678 674 permulta
697 597 771 655 mari
791 614 907 672 quoquc
925 597 1030 655 tollere
1048 602 1111 656 toto

373 702 496 760 corpora
514 688 647 743 naturam
666 683 819 742 declarant
837 683 958 742 litore
975 687 1107 741 vestes

374 787 605 846 suspensae,
625 786 689 827 cum
709 768 877 843 concipiunt
894 767 1004 828 umoris
1022 767 1194 845 adhaesum,

249 856 356 915 deinde
374 858 462 931 paulo
481 860 558 934 post,
577 854 639 912 503
660 854 739 913 venti
760 854 929 928 concipiunt

292 958 431 1019 umorem,
451 941 541 1000 veluti
558 939 768 1015 pendentia
787 940 936 1000 vellera
954 939 1068 998 lanae

249 1043 421 1122 exponitur,
459 1044 509 1120 qni
541 1043 659 1119 pluvius
693 1059 776 1102 umor
809 1047 981 1102 concrescat
1008 1042 1038 1100 in
1069 1041 1213 1118 nubibus,
1250 1040 1376 1114 deniqne

248 1129 290 1188 Vl
309 1131 368 1187 617
389 1147 433 1204 sq.
687 1141 702 1172 ·

349 1214 484 1274 videmus
504 1259 511 1274 .
532 1259 539 1274 .
559 1259 567 1274 .
586 1215 677 1274 vestis
694 1231 796 1273 umore
818 1214 966 1274 madentis

292 1301 442 1360 exsiccare
460 1301 520 1360 suis
538 1299 630 1360 radiis
648 1299 814 1359 ardentibu'
841 1301 933 1359 solem

247 1403 341 1463 vestis
360 1402 478 1478 quidem
497 1403 631 1476 exemplo
657 1435 695 1443 -
720 1419 796 1476 quae
814 1406 912 1460 tamen
932 1401 1113 1479 exsiccatur,
1144 1421 1203 1461 non
1222 1407 1252 1461 ut
1270 1401 1378 1460 ceteris

247 1488 320 1547 locis
348 1505 478 1546 umorem
512 1487 592 1562 capit
622 1520 663 1528 -
693 1486 743 1561 qui
781 1488 825 1544 sol
859 1489 973 1561 partem
1003 1487 1091 1546 maris
1121 1492 1204 1546 aestu
1239 1484 1378 1546 detrabat

249 1573 426 1649 expeditur?
450 1607 491 1615 —
517 1573 663 1632 Universa
688 1589 776 1647 porro
800 1572 892 1649 ratio,
919 1589 978 1647 qua
1004 1574 1117 1632 ancllus
1146 1571 1184 1631 ad
1209 1574 1378 1648 Magnetem

248 1659 423 1734 propellitur
452 1663 482 1717 ct
510 1677 563 1718 nos
592 1663 725 1717 meantes
751 1664 820 1717 abre
843 1675 1010 1736 movemur,
1042 1662 1088 1718 est
1114 1659 1261 1717 simillima
1287 1663 1377 1732 atque

250 1745 354 1804 eodem
372 1745 434 1803 fere
452 1745 615 1804 illustratur
633 1744 782 1818 exemplo:
801 1744 843 1803 VI
863 1744 944 1812 1032
964 1749 1016 1802 aer
1033 1743 1143 1802 sermm

292 1829 383 1888 trudit
401 1834 431 1888 et
449 1830 573 1905 impellit
595 1829 679 1904 quasi
699 1846 830 1888 navem
854 1829 1025 1905 velaque
1051 1834 1202 1908 ventus,

250 1915 290 1974 IV
308 1916 369 1973 897
392 1914 425 1973 fit
444 1921 512 1973 aere
532 1921 561 1974 et
578 1914 608 1972 vi
626 1914 775 1992 intestina,

293 2001 424 2075 corporis
442 2005 474 2059 ut
492 2001 601 2059 navis
620 2000 718 2060 velis
737 2004 927 2074 ventoque
946 1998 1067 2058 feratur.

248 2103 313 2160 Nec
338 2119 408 2161 vero
432 2103 527 2160 minus
549 2102 739 2161 memorabile
767 2099 885 2162 videtur
907 2107 1023 2176 poetam
1041 2103 1091 2160 vel
1110 2102 1232 2162 candem
1250 2119 1312 2160 rem
1331 2101 1376 2160 bis

250 2188 354 2246 eodem
377 2188 525 2246 illustrare
550 2189 692 2261 exemplo.
748 2188 836 2247 Velut
860 2188 901 2245 Vl
929 2189 988 2245 179
1013 2187 1171 2261 fulgureo
1198 2187 1283 2246 docet
1304 2187 1375 2245 oriri

249 2271 328 2346 quod
345 2277 450 2332 ventus
467 2271 590 2331 invadat
607 2273 714 2331 nubem
733 2277 763 2331 ct
779 2277 914 2331 versatus
933 2273 1042 2332 ibidem
1060 2273 1223 2331 mobilitate
1242 2290 1296 2332 sua
1317 2271 1374 2330 fcr-

250 2361 362 2436 vescat,
381 2362 439 2416 ut.
464 2358 690 2431 ..plumbea
717 2401 780 2416 ...
805 2357 919 2432 glans
945 2358 1033 2416 etiam
1059 2359 1157 2432 longo
1174 2375 1287 2417 cursu
1312 2358 1372 2416 vol-

248 2441 345 2502 venda
374 2443 511 2521 calescat,
542 2447 572 2503 et
600 2444 687 2518 paulo
716 2447 784 2518 post
813 2443 853 2501 VI
872 2444 991 2518 306sq.
1022 2449 1127 2502 ventus
1164 2478 1188 2484 -
1220 2444 1315 2518 inquit
1338 2476 1365 2483 -

247 2528 365 2603 ignisoit
383 2529 471 2604 longo
491 2533 590 2588 meatu
610 2573 617 2587 .
637 2572 645 2587 .
665 2573 671 2588 .

291 2632 350 2673 non
368 2613 427 2674 alia
444 2616 533 2688 longe
551 2613 665 2674 ratione
683 2632 719 2672 ac
736 2614 915 2689 plumbea
933 2631 1022 2688 saepe

291 2699 406 2758 fervida
423 2698 456 2759 fit
474 2701 585 2774 glans
603 2700 633 2757 in
653 2716 768 2758 cursu
787 2742 794 2757 .
815 2743 850 2758 ..

247 2783 285 2843 cf.
306 2790 462 2859 praeterea
487 2785 685 2860 V1160sqq.
708 2785 801 2843 nubes
828 2785 940 2845 semina
957 2785 1036 2861 ignis
1055 2783 1205 2845 excutiunt
1230 2804 1282 2844 suo
1306 2803 1373 2843 oon-

247 2887 343 2948 cursu,
363 2888 416 2930 ceu
434 2869 563 2946 lapidem
582 2870 606 2929 si

289 2957 436 3030 percutiat
453 2955 529 3030 lapis
547 2961 599 3015 aut
616 2955 735 3034 ferrum,

247 3046 277 3100 et
293 3042 334 3101 Vl
354 3043 415 3099 309
434 3041 527 3115 ipsius
545 3043 652 3116 plagae
669 3041 715 3100 vis
733 3037 813 3100 venti
832 3042 943 3101 excitat
961 3043 1059 3117 ignem

351 3127 414 3185 314
432 3131 465 3186 ut
483 3126 611 3201 lapidem
629 3127 709 3186 ferro
727 3145 792 3185 cum
811 3127 970 3206 caedimur,
990 3129 1087 3187 evolat
1104 3126 1191 3202 ignis.

333 3227 392 3287 Sed
410 3228 513 3288 borum
532 3229 730 3303 exemplorum
748 3243 899 3288 numerum
919 3229 1015 3304 quivis
1033 3228 1120 3288 facile
1138 3229 1270 3303 augebit.
1314 3229 1373 3287 lta·

248 3330 305 3387 que
317 3313 381 3372 -iam
399 3314 487 3374 liceat
509 3313 612 3389 paucis
630 3315 771 3392 iudicare,
793 3315 865 3389 quid
884 3313 921 3374 de
943 3315 1168 3390 repetitionibus
1187 3313 1373 3373 iudicandum

248 3397 317 3456 mihi
342 3397 488 3459 videatur.
535 3400 569 3458 In
598 3400 726 3458 animum
750 3418 809 3459 non
838 3418 957 3475 possum
985 3401 1124 3460 inducere
1155 3418 1205 3460 eas
1234 3399 1375 3458 fefellisse

246 3487 376 3557 poetam.
420 3484 511 3544 Immo
536 3486 576 3545 VI
595 3486 655 3543 936
671 3503 737 3560 sqq.
762 3485 793 3544 in
819 3486 1004 3560 expedienda
1033 3487 1063 3544 vi
1087 3485 1234 3560 Magnetis
1264 3485 1374 3545 diserte

246 3567 365 3645 „nunc“
396 3569 490 3644 inquit
520 3571 633 3649 „omnis
657 3576 790 3646 repetam
819 3588 907 3645 quam
924 3590 993 3631 raro
1011 3590 1134 3647 corpore
1153 3571 1212 3629 sint
1230 3587 1278 3628 res
1297 3588 1373 3629 com-

245 3671 424 3733 memorare;
455 3656 533 3731 quod
551 3656 581 3715 in
599 3655 694 3730 primo
717 3674 834 3731 quoque
860 3658 990 3716 carmine
1016 3654 1146 3734 claret“,
1171 3655 1277 3715 deinde
1300 3655 1374 3714 baec

245 3744 365 3798 enarrat
382 3743 526 3819 exempla,
548 3741 653 3816 quibus
671 3740 701 3798 in
720 3742 739 3800 l.
758 3743 773 3799 I
790 3759 861 3802 usus
879 3747 939 3802 est:

288 3841 349 3899 942
539 3843 571 3902 fit
588 3849 620 3903 nt
637 3844 667 3901 in
690 3843 837 3917 speluncis
859 3862 932 3904 saxa
949 3862 1076 3919 superne

369 3928 475 3986 sudent
492 3947 592 3988 umore
610 3933 641 3987 et
657 3929 748 4003 guttis
766 3929 945 3989 manantibu’
966 3929 1077 3990 stillent

243 4012 257 4070 l
287 4014 348 4071 348
368 4013 397 4072 in
422 4014 502 4073 saxis
525 4033 561 4074 ac
586 4013 733 4090 speluncis
750 4020 904 4088 permanat
921 4033 1062 4090 aquarum
1154 4033 1157 4040 ·

368 4098 497 4173 liquidus
515 4118 598 4159 umor
617 4104 647 4159 et
664 4099 803 4158 uberibus
821 4100 891 4159 flent
909 4102 1005 4160 omnia
1027 4101 1129 4180 guttis,

245 4182 348 4242 946.7
368 4183 479 4243 diditur
495 4185 526 4244 in
543 4203 635 4246 venas
654 4185 736 4244 cibun
755 4186 858 4263 omnis,
885 4191 983 4265 auget,
1007 4188 1118 4262 alitque

369 4270 500 4344 corporis
519 4276 666 4332 extremas
685 4288 803 4346 quoque
820 4272 913 4345 partis
934 4273 1165 4348 unguiculosque
