3198 4938
750 334 917 394 ,56-

265 501 330 588 (pg.
351 502 436 588 160).
482 505 607 568 Omnino
635 525 740 582 parum
768 507 831 567 veri
861 507 956 568 simile
983 508 1103 569 videtur
1130 510 1249 581 poetam
1277 511 1396 580 praeter

265 593 437 667 magistrum
464 593 552 652 etiam
569 593 739 653 Democrito
757 598 789 652 ut
806 595 988 669 interreges
1005 593 1098 672 Anco,
1121 593 1199 651 iuter
1222 611 1320 652 rerum
1343 610 1394 668 po-

265 682 361 737 tentes
380 669 582 757 Scipionibus,
599 679 677 738 iuter
693 683 797 753 poetas
816 679 945 738 Homero
963 681 1090 755 palmam
1108 678 1286 738 tributurum
1304 677 1396 738 fuisse

266 759 322 844 (ΙΙΙ
342 759 454 846 1039),
478 765 504 824 si
521 782 636 824 omnem
654 765 817 823 Democriti
836 764 968 824 notitiam
987 765 1105 841 scriptis
1125 764 1246 823 deberet
1263 764 1393 843 Epicuri,

266 849 316 923 qui
334 850 439 910 nullius
459 849 620 925 discipulus
637 849 733 909 videri
758 851 852 910 voluit
874 845 994 932 (Zeller.
1012 851 1055 910 ΙΙΙ
1076 852 1103 927 1,
1122 868 1173 925 pg.
1193 850 1256 907 364
1274 849 1342 907 adn.
1363 845 1395 931 2)

266 940 296 994 et
310 935 519 1014 Democritum,
544 954 630 1011 quem
642 928 825 1015 Ληρόκριτον
836 936 1007 1015 nominavit,
1026 941 1088 996 tum
1099 935 1283 1010 potissimum
1294 938 1395 1009 appel-

266 1022 343 1080 lasse
361 1021 478 1081 videtur
496 1039 560 1080 cum
578 1022 689 1097 placita
707 1021 770 1081 eius
787 1022 982 1097 redargueret
999 1017 1118 1104 (Zeller.
1137 1022 1199 1079 365
1218 1022 1286 1080 adu.
1306 1015 1349 1102 3).

352 1105 434 1179 Quae
464 1107 613 1182 disputavi
642 1106 807 1166 confirmari
835 1107 973 1167 videntur
1001 1108 1123 1168 consilio
1149 1111 1178 1166 et
1201 1106 1395 1181 dispositione

267 1192 414 1271 carminis,
433 1210 509 1266 quae
527 1198 616 1268 poeta
632 1193 684 1252 rix
701 1197 849 1252 mutuatus
867 1198 913 1253 est
928 1213 946 1252 a
963 1195 1115 1270 magistro.
1152 1192 1230 1251 Nam
1245 1192 1300 1252 etsi
1319 1191 1395 1251 forte

266 1278 427 1357 Epicurus,
462 1279 513 1353 qui
538 1281 617 1338 omui
645 1277 834 1354 philosophia
857 1280 1067 1340 iucunditatem
1097 1277 1177 1337 vitae
1206 1278 1394 1355 sequebatur,

266 1364 350 1422 libris
365 1365 405 1422 37
424 1365 495 1440 crept
512 1353 633 1443 φόσεως
650 1364 682 1422 id
700 1365 826 1423 maxime
844 1365 906 1440 egit
922 1370 955 1424 ut
971 1371 1080 1426 metum
1097 1365 1224 1442 tolleret,
1243 1365 1330 1438 quem
1347 1381 1395 1422 res

267 1449 416 1509 mirabiles
445 1449 575 1510 excitare
600 1454 731 1528 possent,
758 1454 856 1510 tamen
884 1469 952 1510 num
981 1451 1010 1510 in
1037 1451 1080 1512 cis
1102 1449 1236 1509 tractarit
1259 1467 1335 1524 quae
1355 1483 1392 1490 -

267 1539 356 1595 autea
373 1541 405 1595 ut
423 1536 540 1595 videtur
565 1571 600 1578 —
621 1535 752 1595 inlibris
772 1535 911 1615 περὶτοῦ
929 1531 1009 1615 ὁρᾶν,
1029 1536 1097 1613 περὶ
1115 1533 1164 1608 τῆς
1187 1537 1216 1593 ἐν
1240 1539 1276 1612 τῇ
1293 1529 1394 1616 ἀτόμῳ

267 1626 384 1696 γωνίας,
407 1622 476 1699 περὶ
494 1617 639 1700 εἰδώλων,
658 1622 727 1703 περὶ
746 1616 841 1680 νόσων
858 1622 924 1681 aliis
943 1622 1089 1701 disseruit,
1109 1624 1189 1680 certe
1212 1620 1331 1680 dubium
1349 1625 1396 1680 est

268 1722 356 1779 quam
373 1725 509 1767 maxrme.

728 1997 931 2005 ——-——·

656 2221 792 2302 Index
818 2219 1006 2302 locorum

557 2388 595 2447 iu
622 2389 755 2464 capite
780 2389 804 2448 1.
836 2393 1104 2451 tractatorum.

284 2578 805 2656 ι.333.3,......ρς.13
877 2575 1397 2654 1.1333-13....ρς.33

372 2664 518 2722 143-43
553 2708 560 2722 .
585 2707 592 2722 .
616 2708 624 2722 .
648 2708 656 2722 .
765 2663 805 2720 43
964 2664 1097 2722 31313
1110 2708 1244 2723 .....
1355 2664 1394 2721 33

374 2750 445 2807 133.
465 2749 506 2806 34
519 2793 655 2807 .....
768 2748 806 2806 13
963 2749 1111 2806 333-33
1206 2793 1213 2808 .
1238 2794 1245 2808 .
1354 2749 1395 2806 43

371 2836 444 2894 311.
465 2835 503 2891 13
522 2878 656 2893 .....
765 2834 807 2891 34
965 2833 1132 2891 1331-34

371 2921 433 2978 433
456 2963 656 2979 .......
763 2920 805 2976 33
965 2919 1046 2976 1333
1135 2831 1245 2998 l...
1354 2877 1394 2934 32

371 3006 444 3064 433.
465 3005 506 3063 33
520 3048 655 3064 .....
768 3006 806 3061 13
964 3004 1114 3062 133333
1358 3004 1396 3060 33

372 3091 433 3150 331
456 3134 655 3149 .......
766 3090 806 3150 33
963 3089 1088 3147 33-33
1113 3133 1247 3148 .....
1305 3095 1309 3102 ’
1358 3089 1397 3146 33

372 3177 434 3235 343
458 3219 656 3236 .......
765 3176 807 3232 43
876 3175 1090 3233 11155-51
1112 3219 1247 3233 .....
1356 3174 1397 3231 43

373 3263 435 3320 334
456 3305 656 3320 .......
765 3261 807 3317 43
967 3261 1247 3318 133134...
1358 3259 1397 3316 33

373 3347 445 3405 333.
465 3347 505 3404 33
519 3389 655 3406 .....
767 3347 805 3404 13
964 3345 1109 3402 133-31
1143 3389 1150 3403 .
1176 3389 1183 3403 .
1207 3390 1214 3404 .
1240 3390 1246 3404 .
1358 3345 1397 3402 33

375 3433 437 3490 333
459 3475 656 3490 .......
765 3432 807 3487 43
962 3431 1034 3489 333.
1058 3431 1098 3487 33
1112 3474 1247 3489 .....
1358 3429 1397 3486 33

374 3519 446 3578 333.
466 3517 507 3575 34
521 3560 656 3576 .....
765 3518 805 3574 33
962 3517 1034 3574 333.
1058 3516 1098 3572 33
1112 3560 1247 3574 .....
1358 3516 1397 3571 33

374 3604 446 3662 333.
465 3605 505 3660 33
522 3646 656 3662 .....
767 3603 807 3658 14
961 3601 1034 3660 433.
1070 3602 1108 3659 33
1360 3645 1398 3700 ,5

374 3690 655 3748 333-3....
766 3689 806 3745 33
962 3687 1033 3745 333.
1069 3689 1109 3744 33

376 3775 485 3833 3333
522 3817 657 3833 .....
768 3774 807 3830 14
964 3774 1024 3830 333
1049 3815 1247 3832 .......
1361 3773 1398 3828 13

377 3861 437 3919 333
457 3903 657 3919 .......
767 3860 806 3917 33
963 3857 1126 3938 333-33
1359 3901 1398 3956 2,

375 3943 536 4022 rao-931
633 3949 637 3960 ·
767 3988 807 4044 36
963 3944 1035 4001 333.
1059 3945 1099 4000 34
1115 3941 1248 4021 j····

377 4033 436 4091 333
531 4029 658 4104 ι····
965 4030 1248 4087 333-33...
1359 4029 1398 4085 33

376 4119 521 4176 313-13
553 4161 560 4175 .
587 4161 594 4176 .
619 4159 658 4175 ..
768 4116 808 4172 33
965 4115 1121 4172 333-34.
1148 4115 1216 4172 55.
1242 4158 1248 4172 .
1359 4113 1398 4170 33

376 4203 539 4286 333313
768 4247 807 4302 ,2
965 4201 1110 4258 333-33
1360 4199 1400 4256 33

375 4287 562 4367 333-333·
587 4289 594 4304 ·
619 4288 626 4304 ·
651 4287 659 4303 ·
964 4287 1026 4343 334
1050 4329 1248 4345 .......
1359 4286 1398 4340 41
