3198 4938
696 292 860 349 -31..

213 463 371 540 opinentur
397 462 537 522 divinitus
567 479 633 523 esse
662 466 801 522 creatum.
832 462 885 521 sed
915 462 1086 537 quamvis
1118 462 1251 538 ignorem
1279 462 1339 538 pri-

213 550 328 609 mordia
347 593 354 608 .
375 594 382 609 .
404 593 439 627 .,
465 553 565 609 tamen
590 544 662 630 (non
687 547 766 606 idem
790 552 881 622 atque
905 548 948 605 illi
974 548 1125 625 concludo,
1149 543 1215 626 sed)
1238 549 1286 608 vel
1303 566 1340 608 ex

214 637 288 695 caeli
315 635 480 694 rationibus
506 679 513 694 .
539 679 546 694 .
573 679 581 694 .
610 633 784 698 confirmare
820 632 913 692 ausim
944 634 1083 692 mundum
1112 652 1171 693 non
1200 633 1339 693 divinitus

214 726 345 780 creatum
376 739 451 780 esse.
504 723 537 778 ln
562 721 582 780 l.
610 721 636 778 V
661 724 760 778 autem
784 718 816 776 bi
833 737 881 777 vv.
901 718 1010 777 artiore
1033 718 1151 778 viuculo
1175 737 1239 777 cum
1257 724 1339 779 ante-

214 807 385 867 cedentibus
413 807 496 883 iungi
532 823 591 866 non
625 805 779 880 videntur,
809 822 874 862 cum
907 822 966 863 non
995 808 1101 878 agatur
1132 805 1169 863 de
1198 822 1232 864 eo
1262 803 1340 879 quod

214 893 278 967 quis
295 893 422 966 ignoret.
444 936 451 951 .
470 936 477 951 .
522 892 626 966 Itaque
643 890 804 949 verisimile
825 893 871 948 est
887 893 1006 964 poetam
1024 907 1075 949 cos
1093 893 1256 949 mutuatum
1274 907 1339 949 esse

213 995 250 1037 ex
267 978 287 1036 l.
305 978 344 1036 H.

297 1064 341 1121 III
360 1064 507 1121 784-97
527 1087 567 1114 ::
587 1064 613 1122 V
633 1062 789 1120 128-41,

213 1143 269 1230 (111
288 1150 350 1206 784
369 1148 504 1226 denique,
534 1148 560 1206 V
587 1149 646 1206 128
665 1147 756 1225 sicut,
780 1147 824 1204 llI
849 1147 909 1204 797
936 1145 1042 1205 durare
1063 1147 1200 1225 genique,
1226 1148 1252 1205 V
1279 1148 1338 1205 141

213 1233 396 1308 formamque
413 1229 594 1315 animalem).
635 1227 705 1313 (Gn.
732 1232 772 1290 35
799 1249 875 1310 sqq,
902 1232 957 1291 To.
977 1231 1039 1290 546
1066 1250 1120 1310 sq.;
1145 1233 1195 1291 Br.
1222 1233 1283 1291 203
1310 1238 1341 1292 et

213 1320 353 1379 Bursians
377 1318 514 1379 Jahresb.
536 1313 855 1399 1874-7611186).

213 1406 253 1464 Ut
276 1406 306 1463 in
329 1405 451 1464 aethere
476 1423 534 1464 non
553 1406 650 1482 arbor,
676 1404 706 1462 in
724 1405 797 1462 mari
815 1421 874 1461 non
892 1403 985 1462 nubes
1005 1446 1040 1461 ..
1067 1419 1132 1462 esse
1159 1405 1340 1480 queunt‚‚ita

211 1490 310 1549 anima
335 1508 393 1549 non
417 1490 474 1549 nisi
497 1491 528 1548 in
552 1507 675 1565 corpore
699 1488 817 1548 animali
844 1505 909 1546 esse
928 1493 1040 1567 potest,
1064 1507 1123 1546 non
1146 1489 1232 1547 modo
1256 1495 1340 1549 extra

215 1579 309 1634 totum
338 1593 442 1650 corpus
472 1593 537 1635 esse
565 1594 625 1635 non
653 1579 761 1652 potest,
791 1575 844 1633 sed
874 1575 921 1631 vel
950 1574 980 1631 in
1014 1579 1095 1632 certa
1119 1578 1205 1650 parte
1231 1593 1272 1634 sc.
1308 1577 1339 1634 in

215 1665 335 1735 pectore
364 1660 452 1722 debet
480 1678 555 1721 esse.
587 1695 628 1702 -
657 1661 712 1719 His
730 1659 893 1736 sententiis,
925 1677 998 1732 quas
1024 1660 1214 1719 Neumannus
1233 1667 1264 1719 et
1282 1661 1338 1720 Gn.

213 1763 332 1819 prorsus
358 1748 444 1805 aliter
467 1750 654 1823 acceperunt,
681 1746 711 1804 in
730 1747 750 1804 l.
767 1746 811 1802 lll
837 1743 1005 1803 confutatur
1025 1744 1159 1803 doctrina
1176 1745 1213 1803 de
1231 1746 1339 1820 migra-

213 1831 293 1890 tione
311 1832 414 1911 animi,
433 1833 464 1890 in
481 1834 501 1891 l.
517 1833 543 1891 V
559 1832 601 1891 eis
620 1831 837 1890 demonstratur
853 1831 992 1888 coelestia
1008 1848 1132 1905 corpora
1143 1849 1201 1889 non
1211 1831 1339 1892 animata

213 1934 278 1977 esse
305 1952 345 1960 —
368 1935 410 1977 so.
429 1921 499 1992 quia
517 1918 630 1977 animus
648 1935 706 1974 non
726 1921 811 1974 extra
828 1915 983 1974 animalem
1007 1914 1130 1974 formam
1152 1933 1218 1975 esse
1236 1918 1338 1991 possit.

213 2004 311 2061 —In
338 2004 357 2062 l.
383 2004 428 2061 Ill
452 2003 484 2062 id
506 2007 709 2078 argumentum
736 2019 818 2061 suum
844 2001 929 2075 quasi
953 2005 1055 2060 tenere
1085 2002 1182 2060 locum
1211 2019 1268 2060 non
1295 2008 1340 2062 est

214 2089 293 2162 quod
311 2088 416 2166 dicam,
436 2088 466 2147 in
484 2091 503 2147 l.
522 2089 558 2147 V.
576 2089 681 2147 mirum
699 2087 825 2164 videtur,
845 2086 913 2160 quia
924 2087 1010 2145 Plato
1029 2103 1055 2145 e.
1070 2105 1098 2160 g.
1118 2086 1218 2145 mundi
1236 2093 1338 2162 partes

212 2173 358 2234 animatas
383 2191 449 2233 esse
479 2174 584 2251 voluit,
615 2192 791 2248 quamquam
821 2173 864 2231 eis
892 2190 950 2230 nou
976 2189 1083 2232 nervos
1110 2177 1140 2231 et
1166 2174 1338 2249 sanguinem

211 2259 324 2318 tribuit.
357 2259 422 2319 Nec
441 2259 510 2318 licet
527 2260 631 2334 negari
649 2263 714 2317 tota
730 2263 816 2334 parte
835 2253 896 2338 (vv.
918 2254 1077 2340 126-43)
1095 2259 1212 2318 sublata
1228 2259 1338 2318 incom-

211 2343 327 2403 modum
346 2363 404 2404 non
422 2345 464 2404 ita
478 2346 544 2405 leve
562 2345 717 2404 removeri.
769 2344 810 2402 nt
828 2343 865 2403 de
883 2343 939 2402 hoc
957 2362 1042 2403 nemo
1061 2344 1211 2420 cogitavit.
1256 2345 1339 2405 Nihil

132 2499 140 2516 Ι
212 2434 309 2489 autem
328 2432 476 2490 lucramur
494 2431 599 2490 deletis
614 2429 814 2490 tantummodo
831 2448 878 2494 vv.
894 2431 1057 2508 128-413
1076 2430 1163 2489 immo
1179 2437 1339 2506 augeretur

211 2515 285 2574 illud
302 2517 526 2596 incommodum,
546 2517 683 2590 quoniam
702 2534 814 2575 summa
831 2516 1096 2590 argumentationis
1115 2515 1241 2593 deesset,
1262 2534 1338 2591 quae

210 2605 309 2660 tamen
327 2602 408 2660 nulla
426 2602 484 2660 alia
503 2619 568 2660 esse
586 2606 687 2676 posset
705 2620 792 2676 quam
811 2619 886 2676 quae
905 2605 1011 2661 exstat.
1041 2601 1118 2660 Nam
1136 2619 1188 2660 cur
1202 2607 1338 2678 putemus

104 2683 107 2686 ’
210 2690 346 2745 naturam
372 2687 461 2745 animi
486 2687 697 2761 consiliumque
721 2705 778 2746 non
803 2703 890 2762 posse
916 2703 981 2746 esse
1005 2704 1069 2745 cum
1088 2687 1192 2761 quovis
1215 2706 1337 2763 corpore

210 2767 296 2852 (126.
312 2768 368 2852 7)?
386 2773 531 2831 Nimirum
550 2773 694 2847 quianon
713 2778 797 2831 extra
815 2773 937 2832 formam
956 2773 1111 2832 animalem
1124 2791 1189 2832 esse
1204 2779 1336 2849 possunt.

210 2859 331 2917 —Sed
358 2859 407 2932 qui
433 2876 481 2916 vv.
503 2859 647 2916 128-41
674 2858 704 2916 in
732 2859 944 2917 dubitationem
968 2863 1128 2935 vocarumt,
1154 2861 1337 2919 Purmannus

211 2943 322 3002 Pollius
352 2944 548 3004 Reisackerus
578 2943 755 3021 Goebelius,
792 2944 942 3003 offendunt
980 2943 1106 3003 maxime
1135 2943 1164 3002 in
1193 2945 1337 3018 particula

214 3025 328 3105 „sicut“
343 3030 413 3107 128,
435 3046 510 3103 quae
529 3029 591 3089 sive
610 3029 649 3087 ad
668 3031 821 3104 sequentia
839 3029 973 3089 trahatur
989 3030 1051 3088 sive
1067 3030 1105 3088 ad
1120 3030 1336 3109 antecedentia,

212 3113 376 3171 molestiam
393 3119 509 3174 moveat
528 3132 563 3173 eo
582 3116 661 3188 quod
679 3117 859 3189 comparatio
877 3119 928 3173 aut
946 3132 1009 3172 oum
1027 3115 1269 3175 antecedentibus
1286 3120 1337 3175 aut

212 3215 276 3257 cum
307 3199 496 3274 sequentibus
525 3200 620 3260 minus
651 3205 829 3260 conectatur.
886 3201 931 3258 De
959 3218 1017 3274 qua
1046 3217 1078 3259 re
1103 3199 1235 3260 conferas
1260 3219 1337 3276 quae

211 3282 359 3358 disputavi
378 3285 416 3344 ad
436 3287 536 3363 „quod
554 3283 668 3360 genus“
688 3304 738 3361 pg.
759 3288 797 3344 16
815 3303 860 3361 sq.
888 3286 965 3344 Nam
983 3284 1079 3345 uthis
1097 3286 1196 3346 verbis
1219 3304 1336 3361 compa-

210 3369 303 3447 ratio,
331 3387 406 3444 quae
434 3388 524 3445 saepe
552 3389 615 3430 cum
641 3373 832 3445 sequentibus
857 3373 949 3431 artius
975 3371 1130 3450 cohaeret,
1157 3372 1245 3431 etiam
1271 3391 1335 3432 cum

209 3455 451 3517 antecedentibus
464 3456 678 3530 quodammodo
696 3457 837 3536 iungitur,
857 3458 899 3516 ita
916 3457 946 3516 b.
959 3458 978 3516 l.
998 3459 1178 3533 comparatio
1190 3458 1336 3533 particula

211 3538 324 3618 „sicut“
343 3540 511 3601 introducta
529 3560 705 3617 quamquam
724 3543 762 3602 ad
780 3544 934 3618 sequentia
951 3543 1055 3620 tendit,
1080 3545 1235 3602 tamenab
1254 3549 1335 3603 ante-

211 3626 384 3686 cedentibus
410 3645 469 3687 non
491 3627 580 3702 plane
605 3629 720 3688 divolsa
745 3630 872 3688 videtur.
923 3629 1028 3703 Neque
1054 3629 1148 3703 igitur
1170 3646 1207 3688 ex
1225 3629 1281 3689 hac
1302 3647 1335 3689 re

208 3712 405 3786 suspicionem
423 3718 558 3787 repetere
576 3713 685 3773 licebit.

293 3798 355 3856 Iam
381 3799 542 3876 videamus,
566 3817 635 3857 num
660 3800 755 3859 altero
780 3801 845 3858 loco
870 3799 901 3857 hi
922 3819 971 3859 vv.
990 3805 1041 3859 aut
1059 3817 1160 3859 omnes
1178 3799 1335 3858 autetiam

210 3899 246 3939 ex
277 3888 361 3956 parte
396 3885 567 3960 interpolati
597 3885 664 3945 sint.
720 3886 895 3944 Neumanno
924 3892 954 3944 et
984 3885 1121 3944 Gneissio
1150 3885 1191 3944 ibi
1219 3886 1335 3945 molesti

208 4115 262 4152 non
287 4101 320 4154 de
344 4105 455 4168 natura;
482 4101 549 4157 adde
575 4102 644 4169 quod
667 4102 777 4156 verbum
803 4099 954 4165 „materiai“
980 4100 1014 4154 ad
1033 4117 1055 4154 r.
1084 4099 1200 4167 „ignari“
1220 4101 1334 4156 relatum

206 4184 433 4309 ἓὲξξέἔῖωηωω
450 4174 523 4224 esset
539 4169 585 4239 (cf.
603 4171 628 4226 V
644 4171 696 4224 416
713 4187 768 4238 sqq.
787 4170 923 4256 coniectus
941 4169 1064 4223 materiai
1081 4167 1203 4224 fundavit
1220 4210 1227 4223 .
1247 4212 1252 4225 .
1271 4171 1334 4224 solis
