3198 4938
664 329 835 386 „19-

230 496 649 558 176.7=595.6=v
675 498 1024 558 89.90=v165.6

624 585 650 642 V
668 585 795 641 82-90
814 609 855 635 z
870 585 912 642 VI
930 583 1055 642 58-66

273 663 344 748 (Gn.
365 670 404 727 62
422 686 499 747 sqq,
519 670 575 728 To.
594 668 667 747 551,
686 670 736 728 Br.
756 665 842 750 206).

229 755 244 812 Ι
263 753 388 812 75-77
408 749 498 834 (uude
516 755 608 814 refert
626 749 723 835 uobis)
742 755 814 829 quid
830 755 925 830 possit
942 754 1022 832 oriri,

410 839 481 913 quid
498 843 635 917 nequeat,
653 839 735 899 finita
753 844 883 915 potestas
902 841 1029 914 denique
1048 839 1151 915 cuique

408 942 467 999 qua
484 944 552 984 nam
570 926 609 984 sit
626 925 741 985 ratione
759 929 848 1000 atque
866 928 925 985 alte
943 925 1085 984 terminus
1103 924 1239 984 haerens.

187 1010 249 1068 Hos
267 1027 316 1069 vv.
336 1009 392 1070 Gn.
411 1010 479 1070 ideo
496 1011 679 1085 potissimum
698 1012 825 1071 tentavit
844 1012 922 1086 quod
941 1009 1067 1088 „deesse
1085 1007 1229 1084 possiut“.
1275 1011 1315 1069 At

188 1095 238 1169 qui
256 1096 344 1154 Lucr.
366 1095 409 1154 ita
428 1096 527 1156 dicere
551 1096 661 1171 potuit:
692 1114 780 1173 „uos
809 1100 955 1171 exaequat
981 1095 1107 1155 victoria
1132 1094 1236 1155 caelo“
1264 1097 1314 1174 79,
1420 1095 1423 1098 ’

187 1180 244 1240 uisi
262 1180 442 1268 antepedunt
460 1181 606 1261 „refert
623 1182 735 1241 nobis
753 1182 848 1242 victor
865 1182 936 1258 quid
955 1225 962 1240 .
983 1226 990 1240 .
1008 1226 1015 1241 .
1030 1180 1071 1240 “?

273 1265 376 1326 Altero
395 1284 511 1342 quoque
528 1267 593 1326 loco
611 1268 708 1327 libril

230 1350 356 1410 tat-6
376 1345 532 1432 (incertum
550 1370 666 1428 quoque
683 1352 742 1412 iam
761 1347 889 1434 constat)
912 1351 983 1427 quid
1000 1352 1094 1427 possit
1112 1351 1183 1411 oriri
1202 1395 1210 1410 .
1231 1395 1238 1411 .
1258 1395 1265 1411 .

187 1435 243 1496 Gn.
271 1442 370 1496 censet
388 1457 439 1498 eos
463 1438 612 1498 eiciendos
630 1455 695 1498 esse
714 1443 744 1497 et
761 1438 791 1496 in
809 1457 853 1512 sq.
872 1457 900 1496 v.
922 1436 1021 1516 „uon“
1040 1455 1094 1512 pro
1113 1434 1209 1515 „uec“
1228 1455 1313 1512 repo-

186 1521 331 1601 nendum,
358 1526 428 1597 quia
453 1528 483 1583 et
500 1541 566 1598 sqq.
585 1542 633 1583 vv.
660 1528 690 1583 et
709 1523 918 1583 antecedentes
940 1523 1108 1598 pertineant
1131 1523 1170 1582 ad
1192 1540 1311 1602 genera,

186 1624 262 1681 quae
281 1625 364 1667 suam
381 1627 498 1684 semper
516 1610 662 1669 retineant
679 1614 823 1687 naturam,
842 1609 871 1666 in
890 1609 949 1668 illis
967 1613 1066 1667 autem
1081 1612 1188 1696 agatur
1200 1609 1236 1667 de
1254 1608 1312 1667 sin-

185 1693 263 1766 gulis
280 1694 378 1754 rebus.
415 1695 474 1754 Sed
491 1713 529 1754 ne
546 1695 621 1754 haec
639 1696 757 1769 quidem
775 1695 962 1754 ratiocinatio
980 1693 1051 1753 mihi
1068 1695 1224 1770 probatum
1243 1693 1313 1768 quid

185 1782 282 1836 autam
301 1779 365 1853 ipse
390 1780 516 1840 iudicem
540 1781 711 1859 apparebit,
737 1780 763 1840 si
786 1797 894 1840 nexum
909 1780 1121 1839 sententiarum
1138 1779 1241 1854 paucis
1262 1797 1312 1838 ox-

184 1880 326 1936 posuero:

227 1949 363 2023 quoniam
388 1950 477 2010 robus
501 1950 664 2025 generatim
694 1948 759 2009 riuis
776 1949 895 2011 reddita
912 1955 959 2010 est
975 1949 1129 2010 crescendi
1148 1956 1176 2010 et
1194 1951 1313 2009 vivendi

227 2038 257 2093 et
275 2039 389 2094 constat
407 2034 478 2109 qnid
496 2053 630 2110 quaeque
648 2031 710 2116 (res
728 2036 810 2114 dicit,
828 2055 887 2095 nou
905 2031 1028 2117 genera)
1047 2041 1157 2109 queant
1175 2054 1229 2110 per
1252 2035 1312 2095 foe-

416 2121 487 2179 dera
512 2125 635 2180 naturae
654 2113 740 2200 (haec
760 2109 882 2181 fdeuera
899 2122 997 2197 potius
1019 2119 1187 2196 significant
1205 2116 1312 2202 genus)

228 2208 258 2263 et
276 2205 373 2264 omnia
392 2206 448 2264 sibi
467 2210 602 2266 constant
613 2207 688 2265 adeo
700 2211 732 2266 ut
750 2200 789 2286 (e.
809 2201 852 2287 g.)
869 2206 971 2266 variae
989 2223 1060 2266 aves
1078 2208 1233 2281 generales
1250 2225 1311 2266 ma-

858 2293 939 2351 culas
956 2292 986 2350 in
1005 2309 1127 2366 corpore
1146 2291 1311 2370 ostendant,

227 2393 328 2436 omues
345 2393 408 2435 res
426 2375 617 2436 immutabilia
635 2376 796 2452 primordia
814 2376 924 2437 habere
944 2378 1062 2437 debent.
1095 2377 1172 2436 Nam
1191 2378 1215 2438 si
1238 2377 1312 2436 haec

227 2462 398 2521 commutari
416 2466 546 2542 possent,
565 2463 709 2521 incertum
726 2467 849 2542 constet,

227 2547 297 2619 quid
316 2547 432 2605 omniuo
451 2548 544 2622 possit
562 2549 633 2606 oriri
651 2552 681 2606 et
698 2547 770 2622 quid
787 2552 924 2624 nequeat,

228 2649 303 2705 quae
326 2632 430 2706 cuique
453 2637 584 2706 potestas
601 2631 684 2692 finita
706 2634 745 2691 sit
764 2639 794 2692 et
813 2634 862 2707 qui
880 2633 1032 2711 terminus,

226 2733 281 2774 nec
298 2717 406 2776 totiens
424 2721 546 2792 possent
563 2719 663 2778 saecla
680 2723 816 2778 naturam
836 2763 843 2777 .
863 2763 870 2777 .
891 2764 898 2778 .
917 2718 1028 2777 referre
1046 2723 1211 2793 parentum.

183 2801 319 2860 Profecto
338 2803 520 2863 concinnitas
538 2803 680 2862 orationis
697 2803 785 2862 valde
803 2804 1032 2881 imminueretur,
1052 2803 1078 2862 si
1092 2805 1187 2864 tribus
1204 2805 1310 2880 priori-

173 2887 237 2951 bus
261 2887 399 2946 membris
423 2889 555 2948 ultimum
578 2893 690 2948 tanturn
718 2889 921 2964 responderet.
946 2923 988 2932 —-
1013 2888 1169 2965 Languida
1191 2888 1310 2964 quidem

183 2977 229 3030 est
245 2976 308 3032 tota
325 2974 588 3048 argumentationis
613 2977 708 3034 altera
732 2992 811 3054 pars,
837 2993 913 3050 quae
938 2975 1000 3034 fere
1022 2975 1095 3034 nihil
1117 2976 1186 3034 nori
1203 2974 1309 3054 adfert,

183 3050 290 3135 (forma
313 3058 376 3116 eius
402 3060 477 3117 enim
497 3064 543 3118 est
562 3059 653 3132 baec:
673 3060 810 3134 quoniam
828 3061 898 3119 abc
916 3064 993 3138 suut,
1017 3064 1062 3119 est
1080 3061 1169 3120 etiam
1187 3059 1223 3137 ἃς
1242 3078 1309 3120 nam

182 3141 239 3200 nisi
258 3143 277 3200 d
295 3147 384 3221 esset,
403 3162 462 3203 uon
480 3147 579 3203 essent
597 3140 689 3226 abc).
718 3144 758 3204 At
776 3146 892 3221 singula
910 3146 1041 3204 membra
1059 3164 1117 3205 nou
1132 3147 1222 3220 plane
1232 3146 1310 3206 inter

182 3245 214 3286 sc
232 3228 389 3287 concinunt
411 3263 453 3272 -
478 3230 628 3290 molestius
654 3231 743 3290 etiam
764 3231 916 3290 videretur
936 3236 968 3289 nt
986 3231 1047 3289 dixi
1066 3232 1091 3290 si
1109 3249 1197 3290 unum
1214 3231 1308 3292 tribus

182 3318 379 3388 opponeretur
406 3349 449 3358 —
477 3332 573 3390 neque
599 3315 715 3374 omniuo
739 3316 809 3375 talis
833 3317 1000 3376 verbositas
1019 3335 1037 3375 a
1054 3317 1193 3376 Lucretio
1211 3318 1309 3377 aliena

183 3403 228 3457 est
252 3395 303 3480 (cf.
327 3418 354 3459 e.
373 3419 402 3475 g.
428 3401 443 3458 Ι
460 3401 522 3459 813
541 3418 607 3475 sqq.
626 3420 644 3460 a
662 3402 750 3460 certis
768 3402 857 3461 rebus
876 3403 980 3460 alimur
997 3419 1066 3479 nos,
1093 3403 1182 3462 certis
1208 3420 1309 3463 omnes

181 3501 246 3562 res3
276 3484 420 3563 nimirum,
451 3487 520 3560 quia
544 3490 701 3546 multarum
723 3505 821 3546 rerum
850 3487 1012 3562 primordia
1040 3487 1069 3544 in
1099 3491 1187 3548 rebus
1216 3489 1308 3547 mixta

181 3574 259 3648 suut,
286 3569 354 3629 ideo
378 3570 469 3630 uariis
493 3571 593 3631 variae
618 3590 665 3632 res
691 3575 779 3633 rebus
808 3567 947 3654 aluntur).
978 3607 1019 3615 —
1047 3573 1192 3647 Displicet
1218 3591 1306 3647 porro

181 3655 380 3730 discrepantia
404 3661 582 3733 temporum:
609 3657 670 3715 593
695 3663 826 3737 possent,
853 3658 980 3716 sae-6
1008 3661 1123 3717 constet
1146 3659 1240 3733 possit
1256 3677 1306 3718 ne-

180 3745 271 3815 queat
289 3742 335 3819 sit,
360 3741 421 3800 597
440 3748 571 3817 possent.
611 3743 716 3803 Munro
741 3744 861 3818 quidem
885 3745 911 3803 ei
936 3739 978 3803 ita
1003 3744 1130 3803 occurrit
1148 3749 1180 3802 ut
1197 3748 1305 3803 utrum-

180 3844 237 3900 que
273 3826 346 3887 illud
379 3825 541 3904 „possent“
573 3829 734 3903 corrigeret
758 3830 789 3888 in
819 3829 990 3908 „possint“;
1023 3830 1074 3890 Br.
1108 3833 1205 3888 autem
1241 3848 1304 3889 eam
1376 3826 1381 3836 ”

180 3914 273 3970 altero
302 3917 415 3972 mutato
450 3914 587 3989 mitigare
616 3913 737 3974 studuit.
795 3914 878 3987 Quae
906 3914 1101 3975 medicamina
1131 3933 1305 3991 quamquam

180 4014 239 4055 non
266 3998 354 4073 louge
383 4004 584 4078 arcessuutur,
617 4005 715 4059 tamen
746 4006 775 4060 ot
804 4001 893 4060 dubia
926 4005 956 4059 et
985 4017 1206 4075 supervacanea
1234 4002 1306 4060 mihi

180 4079 325 4142 videntur.
380 4084 456 4144 Nam
485 4119 527 4127 -—
555 4089 588 4144 ut
615 4089 731 4145 taceam
761 4084 798 4144 dc
826 4086 901 4144 mira
929 4086 1071 4146 librorum
1098 4085 1239 4146 memoria
1263 4121 1305 4130 -

179 4171 238 4241 tps.
264 4185 406 4242 praesens
435 4171 464 4229 iu
489 4189 537 4229 vv.
564 4169 690 4229 594-6
719 4189 777 4230 non
807 4171 947 4230 abhorret
975 4172 1013 4230 ab
1042 4190 1097 4231 usu
1126 4172 1304 4233 Lucretiano

178 4247 230 4335 (cf.
260 4254 310 4314 Br.
340 4255 360 4314 l.
390 4250 434 4336 l.).
496 4255 642 4329 Quocirca
670 4257 845 4316 varietatem
871 4274 1011 4317 excusare
1041 4257 1139 4317 malim
1165 4275 1200 4318 eo
1226 4259 1305 4334 quod

1064 4355 1098 4410 2.
