3198 4938
517 1445 763 1555 Sententiae
796 1455 1100 1527 controversae.
1180 1520 1181 1523 .

332 1675 359 1732 1.
379 1671 546 1730 Lucretium
565 1669 578 1726 Ι
597 1668 669 1727 255.
690 1669 708 1726 6
729 1669 882 1742 scripsisse
900 1671 987 1741 puto:

286 1758 355 1817 hinc
374 1760 467 1817 laetas
485 1757 575 1814 urbes
593 1755 692 1829 pueris
714 1755 822 1812 florere
841 1753 984 1829 videmus⁷

285 1843 522 1916 frondiferasque
541 1841 625 1900 novis
645 1841 749 1900 avibus
770 1844 928 1900 scatere
947 1839 1077 1920 undique
1105 1839 1194 1898 silvas
1220 1833 1363 2005 (traditur)
1367 1857 1374 1896 :

1245 1943 1351 1983 canere
1367 1969 1374 1982 .

329 2067 359 2122 2.
381 2065 592 2139 Argumentum
621 2080 759 2121 versuum
788 2063 875 2120 Lucr.
905 2061 918 2118 I
948 2061 1010 2118 859
1034 2079 1099 2135 sqq.
1129 2061 1276 2135 integrum
1306 2060 1375 2119 mihi
1433 2092 1435 2098 ι

244 2151 361 2209 videtur
380 2155 409 2210 et
426 2168 530 2209 versus
548 2148 604 2223 ipsi
622 2149 651 2205 in
671 2147 747 2206 hunc
765 2149 881 2206 modum
902 2146 1118 2222 distinguendi:

374 2237 508 2311 quoniam
528 2235 609 2292 cibus
627 2238 717 2307 auget
735 2251 841 2308 corpus
856 2233 970 2306 alitque

170 2377 175 2387 ,
287 2323 349 2380 860
372 2323 447 2382 seire
465 2322 536 2379 licet
553 2320 638 2379 nobis
656 2337 748 2378 venas
767 2323 797 2377 et
815 2337 946 2393 sanguen
966 2323 996 2378 et
1019 2337 1095 2395 ossa,

286 2409 346 2465 861
372 2410 434 2468 sive
454 2409 534 2466 cibos
547 2406 641 2464 omnis
660 2405 814 2463 commixto
834 2423 956 2479 corpore
976 2405 1074 2462 dicent

372 2511 438 2552 esse
457 2497 486 2550 et
503 2492 614 2549 habere
632 2491 661 2547 in
681 2509 712 2550 se
730 2508 886 2549 nervorum
906 2509 1031 2565 corpora
1048 2507 1141 2564 parva
1163 2489 1168 2496 '

333 2634 336 2638 ,
372 2595 498 2651 ossaque
518 2580 547 2634 et
566 2576 681 2633 omnino
700 2594 792 2636 venas
811 2577 962 2651 partisque
979 2577 1100 2654 cruoris,

371 2662 421 2722 fiet
438 2663 481 2721 uti
499 2663 581 2720 cibus
600 2662 703 2738 omnis,
723 2668 752 2721 et
771 2662 870 2722 aridus
893 2667 922 2722 et
940 2663 1084 2741 liquor⁷
1103 2663 1167 2737 ipse

287 2749 348 2807 865
373 2767 410 2807 ex
425 2748 599 2822 alienigenis
622 2750 710 2808 rebus
730 2753 865 2808 constare
887 2753 1014 2823 putetur.

329 2888 358 2944 3.
377 2886 463 2944 Luer.
485 2885 513 2942 Il
532 2885 571 2941 23
595 2885 781 2958 parenthesis
800 2885 916 2943 videtur
935 2887 1124 2960 agnoscenda
1143 2903 1209 2945 esse
1228 2905 1283 2944 nec
1305 2904 1374 2944 vero

243 2973 401 3045 quidquam
418 2972 601 3028 mutandum:

285 3056 399 3131 gratius
418 3056 495 3113 inter
514 3057 581 3114 dum
601 3089 641 3097 -
658 3072 755 3129 neque
770 3062 876 3115 natura
894 3057 960 3131 ipsa
978 3057 1101 3130 requirit
1126 3091 1169 3099 —

285 3143 308 3200 si
327 3160 385 3199 non
403 3159 495 3200 aurea
513 3145 580 3201 sunt
597 3141 734 3200 iuvenum
754 3141 910 3200 simulacra
930 3185 936 3199 .
958 3186 964 3200 .
987 3187 994 3200 .

326 3280 399 3337 Item
417 3279 504 3336 Lucr.
524 3279 641 3336 111790
660 3271 697 3358 (V
713 3273 785 3359 134)
805 3278 950 3353 scriptura
968 3279 1109 3338 librorum
1127 3280 1240 3338 servari
1263 3285 1371 3357 potest,

242 3365 267 3425 si
286 3368 378 3425 verba
395 3365 438 3422 ita
457 3363 690 3438 distinguuntur:
757 3383 760 3386 ·

506 3450 595 3507 animi
614 3455 718 3508 natura
737 3450 838 3524 nequit
858 3451 921 3509 sine
937 3469 1060 3526 corpore
1079 3451 1149 3510 oriri

370 3539 434 3595 sola
456 3552 552 3610 neque
570 3554 588 3593 a
606 3536 705 3594 nervis
725 3539 754 3593 et
772 3536 916 3612 sanguine
934 3538 1062 3611 longiter
1081 3555 1164 3614 esse3

286 3623 346 3680 790
370 3621 448 3696 quod
467 3655 508 3662 -
527 3622 551 3681 si
571 3625 672 3696 posset
689 3621 766 3679 enim
786 3657 824 3663 —
845 3622 935 3680 multo
953 3624 1035 3698 prius
1055 3623 1120 3697 ipsa
1138 3623 1226 3682 animi
1244 3623 1288 3683 uis

367 3708 398 3765 iu
417 3707 513 3781 capite
531 3712 581 3766 aut
599 3708 707 3766 umeris
727 3750 734 3764 .
755 3753 761 3766 .
784 3751 790 3765 .
810 3724 876 3767 esse
896 3703 900 3789 Ι
920 3713 1031 3781 posset.

326 3847 357 3904 4.
375 3847 463 3904 Lucr.
481 3846 510 3903 II
528 3844 591 3901 284
608 3845 745 3919 legatur:

285 3947 377 4004 quare
391 3931 421 3989 in
437 3931 596 3991 seminibus
615 3948 732 4004 quoque
748 3932 841 3989 item
858 3929 971 3991 fateare
990 3935 1140 3992 necessest

286 4033 351 4076 esse
370 4017 457 4076 aliam
476 4020 595 4091 praeter
612 4018 717 4091 plagas
737 4061 743 4076 .
764 4061 771 4076 .
792 4061 799 4075 .
819 4035 936 4078 causam
957 4013 961 4096 l
980 4019 1116 4078 motibus.

315 4152 356 4252 .5'
377 4154 465 4214 Lucr.
484 4155 512 4211 II
531 4154 592 4212 982
612 4154 770 4229 requiritur
795 4156 873 4228 quod
898 4153 1050 4215 familiaris
1076 4155 1195 4231 quidam
1213 4156 1283 4215 mihi
1302 4176 1368 4233 prc-

239 4244 352 4384 poiiiilte
369 4325 464 4384 haec
482 4343 518 4384 ex
538 4327 603 4386 aliis
624 4345 766 4401 nusquam
785 4327 947 4386 consistere
965 4333 996 4387 ut
1013 4326 1092 4386 ausis
1108 4322 1247 4408 (traditur
1262 4328 1335 4414 ali).
