3198 4938
750 283 917 340 „22-

268 451 410 527 perfacile
429 451 576 524 extemplo
593 449 738 509 rationem
755 450 881 509 reddere
899 449 1005 528 possis,
1024 468 1077 509 cur
1094 456 1126 511 et
1143 469 1172 527 q.
1191 470 1236 527 sq.
1268 453 1396 527 Propter

269 531 445 596 sententiam
463 553 500 595 ne
519 534 575 593 hoc
593 533 710 609 quidem
728 537 793 594 loco
811 535 882 594 mihi
900 535 1037 594 videntur
1053 539 1178 597 molesti.
1222 539 1299 597 Nam
1318 538 1396 612 quod

269 622 326 682 Gn.
346 618 497 680 contendit
526 620 585 699 „ad
615 621 728 679 'colores
750 620 908 680 variandos
932 639 990 680 non
1015 625 1144 682 motuum
1170 623 1396 698 primordiorum

268 707 389 783 referre,
407 706 460 765 scd
474 703 586 764 formae
599 712 629 764 ct
641 704 752 764 ordinis
765 703 884 764 eorum“
901 739 937 746 —
951 712 1159 783 praeterquam
1171 707 1249 783 quod
1261 709 1317 769 hoc
1329 708 1396 767 sub-

268 793 348 853 tilius
360 790 559 865 excogitatum
571 797 625 870 est,
644 791 781 865 quoniam
794 792 916 869 colores,
936 792 960 850 si
972 796 1082 852 mutato
1101 794 1204 854 ordine
1221 794 1397 869 primordio-

267 897 332 937 rum
357 878 518 954 variantur,
544 875 649 935 horum
674 881 754 934 motu
778 877 888 935 variari
914 875 972 936 dici
996 877 1066 938 licet
1092 878 1302 939 -refellitur
1332 880 1397 954 ipso

269 964 413 1037 exemplo,
431 979 489 1036 quo
504 962 596 1020 utitur
607 962 695 1020 Lucr.
709 979 749 1021 sc.
765 961 844 1036 quod
860 980 942 1020 mare
958 963 1055 1023 ventis
1073 970 1247 1024 commotum
1264 965 1398 1024 albescat

270 1042 320 1129 (cf.
339 1042 423 1128 766).
446 1048 512 1105 Hoc
529 1049 627 1105 autem
643 1048 808 1121 exemplum
823 1047 865 1106 ita
881 1065 946 1106 cum
961 1049 1204 1110 antecedentibus
1219 1051 1352 1125 iungitur
1366 1056 1398 1109 ut

269 1153 306 1194 ox
331 1133 373 1192 eis
395 1132 482 1192 fidem
501 1130 589 1190 ducat
614 1125 774 1212 (757-71
798 1132 825 1192 11
845 1132 1005 1206 primordia
1026 1134 1143 1194 variant
1168 1138 1281 1195 colores
1299 1153 1397 1195 rerum

269 1224 427 1294 propterca
445 1216 524 1292 quod
544 1260 551 1275 .
573 1261 580 1276 .
601 1261 628 1295 .,
653 1216 795 1292 perfacile
816 1218 962 1277 rationem
979 1218 1104 1280 reddere
1121 1222 1227 1299 possis,
1251 1240 1303 1280 cur
1321 1238 1347 1280 c.
1367 1239 1397 1296 g.

270 1323 306 1364 ea
324 1321 399 1379 quae
418 1303 505 1378 nigra
523 1306 590 1362 sunt
606 1308 728 1378 repente
746 1303 873 1362 candida
890 1302 984 1385 fiant).
1020 1305 1123 1365 Liceat
1139 1307 1398 1382 ipsam-apponere
1470 1379 1474 1386 Ι

271 1389 510 1465 explicationem:
535 1388 634 1447 dicere
659 1388 754 1462 possis
782 1422 818 1430 —
845 1389 941 1463 inquit
961 1423 995 1432 -
1017 1391 1134 1465 nigrum
1154 1394 1233 1466 quod
1256 1392 1398 1469 videmus,

270 1478 295 1535 si
314 1475 452 1534 materies
470 1474 663 1548 permiscetur
681 1477 711 1534 et
729 1474 801 1533 ordo
828 1474 1038 1550 principiorum
1060 1481 1189 1536 mutatur
1208 1481 1237 1538 et
1255 1477 1400 1552 quaedam

269 1561 418 1620 adduntur
436 1564 524 1633 atque
543 1558 715 1637 demuntur,
740 1559 877 1619 continuo
902 1560 967 1620 fieri
984 1565 1016 1620 ut
1034 1561 1163 1620 candens
1182 1563 1339 1638 albumque
1356 1562 1399 1621 vi-

270 1647 386 1705 deatur.
431 1644 504 1717 Quis
522 1661 632 1718 quaeso
652 1643 813 1723 „perfacile
835 1644 1003 1720 extemplo“
1021 1665 1083 1706 rem
1103 1648 1145 1706 ita
1163 1648 1220 1707 sibi
1238 1653 1337 1708 mente
1354 1649 1398 1707 in-

270 1733 398 1793 formare
425 1730 535 1807 possit,
562 1730 587 1789 si
611 1731 813 1789 tantummodo
839 1730 949 1789 dictum
974 1736 1019 1792 est
1043 1732 1206 1806 primordia
1230 1734 1297 1808 ipsa
1318 1735 1398 1793 nullo

271 1818 369 1876 colore
387 1815 524 1891 praedita
535 1815 653 1874 variare
666 1816 778 1874 colores
796 1815 973 1890 exipsorum
984 1818 1076 1876 variis
1087 1816 1188 1878 formis
1201 1814 1399 1900 (rat-um

270 1905 360 1961 Immo
390 1901 415 1961 si
445 1902 503 1960 scis
533 1901 632 1976 magni
661 1900 773 1959 referre
795 1902 834 1959 ad
855 1901 1014 1962 variandos
1037 1905 1159 1983 colores,
1184 1905 1296 1964 semina
1318 1923 1397 1964 cum

268 1988 412 2063 quibus
446 1990 475 2046 et
509 1986 612 2060 quali
646 1985 828 2061 positura
861 1987 1064 2047 contineantur
1091 1995 1121 2048 et
1154 2007 1249 2064 quos
1278 1996 1398 2050 motus

269 2075 347 2133 inter
385 2090 418 2132 se
445 2072 515 2131 dent
534 2071 753 2150 accipiantque,
786 2076 846 2130 tum
875 2073 986 2146 poteris
1014 2074 1159 2149 suspicari
1180 2093 1261 2135 mare
1282 2077 1398 2151 nigrum

267 2159 333 2218 fieri
361 2158 509 2235 candens,
534 2157 603 2230 quia
629 2157 811 2216 materies
835 2157 1120 2232 permisceatur
1146 2165 1175 2220 et
1200 2161 1272 2220 ordo
1295 2162 1398 2237 prin·

269 2245 454 2320 cipiorum
479 2247 646 2301 mutetur
668 2247 698 2301 et
720 2244 864 2318 quaedam
888 2243 1079 2304 addantur
1104 2250 1221 2320 atque
1246 2246 1397 2306 deman·

269 2335 340 2389 tur.
382 2328 465 2401 Quae
483 2328 508 2385 si
526 2328 696 2406 probantur,
714 2347 763 2387 vv.
783 2328 819 2386 de
838 2329 944 2402 quibus
963 2329 1096 2408 dicimus,
1115 2351 1133 2390 a
1151 2333 1215 2391 loco
1233 2350 1291 2391 non
1309 2333 1398 2392 alieni

267 2415 414 2474 videntur.
461 2413 546 2486 Quod
577 2413 714 2488 quoniam
744 2413 901 2492 evicimus,
934 2432 991 2473 non
1021 2416 1236 2478 dissimulamus
1263 2436 1313 2478 eos
1339 2437 1397 2478 non

269 2517 389 2576 prorsus
408 2499 624 2574 vituperatione
644 2515 756 2558 carere.
782 2500 859 2558 Nam
878 2518 936 2559 non
948 2501 1100 2562 variantur
1112 2503 1224 2563 colores
1240 2509 1399 2578 propterea

270 2587 349 2660 quod
372 2585 472 2660 magni
497 2583 637 2662 refert,
663 2585 776 2644 semina
801 2602 865 2643 cum
893 2586 998 2661 quibus
1017 2631 1025 2646 .
1045 2631 1052 2646 .
1074 2632 1081 2646 .
1100 2589 1320 2667 contineantur,
1345 2590 1399 2648 sed

271 2689 305 2730 eo
331 2669 411 2745 quod
435 2675 518 2728 certa
543 2669 686 2743 quaedam
717 2687 782 2728 cum
801 2669 847 2728 his
865 2675 916 2729 aut
933 2672 991 2730 illis
1010 2674 1271 2732 continentur.
1316 2675 1398 2733 Haec

269 2762 367 2816 tamen
390 2755 530 2814 orationis
548 2755 687 2829 iniquitas
705 2759 823 2830 politam
841 2755 927 2816 facile
945 2756 1049 2832 fugere
1071 2759 1180 2836 potuit,
1208 2759 1233 2818 si
1259 2758 1326 2818 illos
1348 2777 1396 2817 vv.

270 2841 558 2918 memoriateuebat3
578 2856 674 2914 neque
689 2841 806 2900 omniuo
818 2842 911 2900 maior
923 2847 968 2902 est
982 2861 1068 2918 quam
1078 2842 1314 2918 eaquoddicitur
1325 2861 1351 2902 e.
1364 2860 1393 2917 g.

267 2927 368 2986 1503
399 2943 464 3001 sqq.
501 2925 639 3000 quoniam
681 2925 790 3000 duplex
819 2931 926 2987 natura
954 2946 1052 2988 rerum
1080 2929 1230 2988 dissimilis
1259 2932 1395 2988 constare

269 3014 485 3089 repertast,
516 3028 601 3070 esse
633 3015 789 3086 utramque
818 3011 875 3072 sibi
903 3031 957 3088 per
987 3031 1019 3074 se
1044 3032 1206 3090 puramque
1234 3017 1395 3074 necessest.

269 3099 309 3157 IV
335 3099 396 3156 239
423 3115 520 3156 nunc
544 3114 579 3156 ea
602 3115 678 3172 quae
701 3097 767 3156 dico
792 3115 889 3157 rerum
917 3099 1075 3160 simulacra
1103 3100 1283 3161 feruutur
1311 3099 1396 3159 undi-

270 3199 327 3257 que
347 3227 354 3241 .
375 3227 382 3240 .
404 3227 432 3260 .,
461 3200 536 3256 quae
562 3181 709 3241 sententia
734 3182 884 3242 efferenda
908 3189 972 3244 erat
996 3185 1034 3244 ad
1067 3187 1231 3260 exemplum
1259 3203 1395 3245 versuum

268 3261 1124 3350 11673.4(1111111...1311)1111111011
1149 3264 1313 3351 (nuncage
1333 3315 1340 3329 .
1360 3315 1396 3329 ..

269 3348 414 3434 percipe).
437 3385 480 3394 -
503 3353 583 3426 Ergo
606 3351 661 3410 hcc
688 3371 804 3429 quoque
827 3357 892 3413 loco
910 3353 976 3414 illos
994 3373 1042 3414 vv.
1061 3355 1225 3434 tuebimur3
1250 3357 1304 3415 sed
1325 3373 1396 3430 quo-

270 3439 348 3497 niam
372 3439 467 3512 primo
493 3455 550 3512 quo
577 3443 693 3497 exstant
718 3437 906 3499 difficultates
931 3459 990 3500 uon
1014 3443 1165 3522 praebent,
1195 3441 1237 3501 ibi
1262 3442 1397 3517 primitus

270 3524 406 3583 videntur
441 3523 544 3601 positi,
582 3539 637 3581 nec
673 3541 744 3582 vero
774 3559 816 3566 —
848 3526 880 3584 id
913 3526 991 3600 quod
1026 3527 1081 3587 Gn.
1118 3531 1203 3603 putat
1231 3561 1271 3570 —
1303 3545 1319 3586 e
1348 3538 1396 3586 vv.

272 3611 300 3667 ΙΙ
321 3609 466 3667 1007-11
487 3607 661 3684 deprompti.

313 3694 780 3754 1820.21fere=111015.
803 3696 841 3753 16

312 3780 734 3838 1113--16;11688-91

590 3865 661 3924 692.
697 3865 1106 3926 94:11336.7=723.4

999 3951 1070 4012 725.
1084 3953 1202 4012 6le
1214 3953 1286 4011 649.
1299 3951 1341 4010 50

358 4027 428 4114 (Gn.
449 4038 487 4095 51
508 4053 584 4114 sqq,
608 4036 663 4095 To.
684 4036 756 4114 550,
774 4037 824 4097 Br.
845 4032 929 4118 005).
998 4062 1039 4090 z
1057 4039 1168 4097 V441.
1181 4038 1357 4097 2:1633.
1369 4040 1400 4099 4.

269 4120 456 4180 Democritus
481 4125 513 4180 ut
539 4122 679 4197 probaret
705 4139 754 4180 res
772 4122 879 4182 mutari
902 4119 986 4196 τάξει
1013 4128 1043 4182 11
1061 4126 1148 4182 θέσει
1164 4122 1400 4204 primordiorum,

272 4205 342 4264 oriri
370 4209 470 4265 autem
499 4211 529 4266 et
557 4206 677 4266 interire
708 4224 807 4266 eorum
837 4213 988 4288 συγκρίσει
1019 4212 1049 4268 11
1078 4203 1236 4288 διακρίσει,
1266 4209 1401 4284 exemplo
