3198 4938
703 337 871 394 ..25-

228 507 313 566 dooet
331 511 443 582 quanta
462 507 602 567 distantia
619 508 829 566 elementorum
846 506 974 584 intersit,
1002 506 1105 566 eodem
1122 506 1186 566 iure
1203 507 1233 566 h.
1252 508 1271 566 1.
1290 506 1353 566 fere

229 592 333 652 eadem
351 593 512 668 primordia
530 596 643 652 colores
661 591 772 652 formas
790 610 894 652 sensus
912 609 1014 651 creare
1029 592 1071 650 ita
1088 593 1185 667 potuit
1203 593 1352 667 explicare

227 682 258 737 ut
276 679 387 738 diceret
404 679 468 738 lere
487 678 605 737 easdem
623 677 725 736 literas
744 678 921 738 constituere
940 677 1058 736 diversa
1075 679 1169 738 verba
1182 677 1353 752 (66161666-

226 765 284 822 lum
296 782 377 824 mare
396 809 404 824 .
424 809 431 823 .
452 808 459 823 .
478 763 580 838 fruges
598 764 720 823 arbusta
738 807 745 822 .
765 808 772 822 .
793 759 823 844 .)‚
845 781 1021 838 quamquam
1038 781 1097 822 non
1113 781 1213 823 omnes
1231 765 1353 823 eaedem

226 853 303 928 sunt,
321 850 408 908 immo
427 867 465 908 ne
483 850 611 908 maxima
629 849 747 924 quidem
765 867 844 928 pars,
864 849 917 909 sed
935 849 1080 923 quianon
1098 867 1198 908 omnes
1217 848 1353 909 diversae

226 939 294 994 sunt
313 935 375 994 sive
393 934 501 994 multae
520 935 637 1009 quidem
655 935 753 993 multis
770 935 870 993 verbis
886 951 1062 994 communes.
1088 969 1130 976 —
1155 935 1264 994 Levius
1282 933 1352 994 mihi

226 1019 344 1079 videtur
365 1021 444 1095 quod
468 1039 496 1079 v.
518 1022 599 1078 1018
627 1019 716 1097 „res“
742 1022 822 1080 valet
843 1021 863 1079 i.
882 1039 911 1094 q.
935 1019 1073 1097 „voces“.
1119 1021 1353 1079 Namsi1420

227 1108 256 1163 et
284 1106 357 1165 449.
388 1106 429 1163 50
458 1100 584 1187 (duabus
613 1106 728 1164 rebus
756 1105 776 1165 i.
808 1123 833 1165 e.
864 1107 979 1180 corpori
1009 1110 1039 1164 et
1067 1101 1188 1188 inani)
1223 1103 1350 1184 „inane“

225 1195 305 1251 recte
338 1189 427 1268 ,666ιι
453 1191 633 1268 nominatur,
667 1191 696 1250 h.
723 1193 742 1251 l.
772 1209 830 1250 non
856 1191 1053 1269 offendemus,
1087 1192 1262 1266 praesertim
1288 1209 1353 1251 cum

225 1277 334 1335 nemini
352 1277 507 1336 obscurum
530 1278 569 1336 sit
587 1277 658 1351 quid
680 1275 871 1352 significetur.
895 1311 936 1320 -
955 1276 1038 1350 Quae
1057 1295 1122 1335 cum
1141 1277 1183 1336 ita
1201 1277 1269 1356 sint,
1293 1295 1353 1336 non

224 1366 323 1421 tamen
351 1381 428 1438 nego
457 1361 561 1422 horum
588 1381 725 1422 versuum
755 1363 917 1422 sententias
947 1363 1042 1421 minus
1072 1362 1231 1438 diligenter
1258 1364 1352 1422 elatas

225 1464 306 1526 esse3
333 1446 386 1507 sed
413 1466 479 1506 cum
503 1448 719 1523 respexerimus
745 1483 786 1490 —
813 1442 863 1529 (of.
882 1466 932 1523 pg.
954 1449 970 1505 7
990 1444 1082 1526 666),
1103 1482 1140 1490 -
1161 1461 1249 1523 quam
1271 1467 1352 1507 man-

225 1533 346 1593 cnmsit
362 1538 455 1592 totum
475 1533 640 1612 embolium,
660 1535 738 1608 quod
756 1533 825 1593 inde
843 1553 905 1594 av.
921 1533 1002 1591 1013
1021 1533 1148 1608 pertinet
1166 1534 1204 1594 ad
1215 1553 1243 1593 v.
1259 1534 1352 1612 1104,

226 1622 316 1692 atque
339 1620 503 1694 exemplum
526 1620 677 1679 literarum
694 1620 732 1678 ab
756 1619 894 1679 hocloco
912 1637 970 1678 non
988 1637 1108 1694 prorsus
1127 1620 1254 1678 alienum
1277 1636 1352 1698 esse,

224 1703 417 1783 incommoda,
442 1706 548 1780 quibus
571 1705 646 1764 haee
668 1723 737 1779 pars
759 1706 884 1784 laborat,
907 1704 964 1780 ipsi
988 1709 1095 1779 poetae
1124 1705 1269 1780 imputare
1294 1724 1352 1765 non

225 1787 431 1850 dubitabimus.
448 1785 453 1794 '

308 1893 369 1951 Iam
387 1896 571 1953 transeamus
594 1893 632 1953 ad
657 1912 705 1952 vv.
724 1893 753 1951 Il
773 1893 931 1970 688-99,
961 1893 1011 1966 qui
1029 1892 1097 1951 item
1117 1913 1135 1952 a
1154 1892 1290 1953 Gneissio
1309 1895 1353 1954 id·

225 1994 282 2050 que
310 1979 455 2051 probante
484 1978 592 2038 Tohtio
621 1983 782 2038 tentantur.
837 1978 918 2036 Inter
940 1995 973 2036 se
1002 1997 1134 2053 pugnare
1169 1979 1240 2038 dicit
1261 1980 1353 2039 verba

227 2065 338 2140 „multa
360 2064 506 2122 elementa
527 2063 624 2124 multis
654 2065 754 2124 verbis
784 2064 946 2122 communia
964 2061 1050 2122 sunt“
1076 2065 1137 2124 689
1161 2069 1190 2125 61
1214 2065 1294 2142 „alia
1316 2083 1353 2124 ex

225 2147 292 2206 aliis
311 2149 463 2208 elementis
482 2148 639 2209 constant“
660 2151 739 2228 691,
769 2149 907 2223 quoniam
924 2149 999 2208 haec
1017 2149 1183 2225 significent
1200 2151 1259 2210 illis
1282 2169 1351 2210 con-

225 2233 346 2292 trarium
367 2237 467 2312 „nulla
485 2237 631 2296 elementa
649 2236 813 2294 communia
831 2251 896 2295 esse
915 2232 1046 2294 verbis“.
1069 2235 1108 2294 At
1126 2236 1236 2295 diserte
1253 2242 1352 2296 monet

224 2320 458 2392 66616692-4
486 2321 580 2380 verba
611 2326 745 2380 constare
774 2339 811 2380 ex
840 2321 966 2381 diversis
995 2322 1158 2398 elementis,
1189 2340 1259 2381 non
1278 2341 1350 2396 quo

224 2421 324 2463 omnes
342 2406 447 2465 literae
470 2407 605 2466 diversae
631 2407 695 2472 sint,
711 2412 762 2468 aut
779 2407 852 2466 nulli
870 2408 961 2466 verbo
979 2408 1078 2481 plures
1097 2407 1200 2466 literae
1223 2425 1350 2467 commu-

224 2506 276 2548 nes
295 2484 351 2570 (?),
375 2490 428 2550 sed
453 2492 606 2565 quianon
632 2510 732 2552 omnes
757 2491 879 2552 eaedem
906 2496 981 2550 sunt.
1026 2493 1124 2566 Atque
1153 2494 1269 2552 omnino
1291 2498 1352 2552 tam

223 2575 365 2634 insulsum
378 2577 537 2656 videretur,
548 2581 581 2635 ut
592 2596 630 2637 ne
641 2577 842 2652 interpolatori
856 2577 973 2651 quidem
985 2578 1179 2651 probabiliter
1188 2579 1349 2639 tribueres:

224 2661 343 2720 multa
371 2664 517 2721 elementa
545 2663 644 2722 multis
672 2663 772 2722 verbis
802 2664 1009 2721 communia
1027 2667 1095 2721 sunt
1119 2657 1226 2745 (689),
1252 2669 1350 2724 tamen

224 2746 347 2804 omnia
369 2752 438 2805 aunt
456 2746 616 2807 diversa
637 2745 722 2829 (690.
743 2743 807 2829 91).
823 2783 865 2792 -
881 2746 1054 2807 Accuratius
1073 2749 1192 2824 quidem
1209 2747 1266 2809 hac
1285 2767 1350 2809 sen·

224 2831 335 2890 tentiae
358 2833 400 2892 ita
422 2833 520 2892 efferri
542 2840 695 2909 poterant:
714 2835 806 2893 multa
824 2836 971 2893 elementa
989 2834 1088 2893 multis
1106 2837 1206 2895 verbis
1224 2853 1350 2895 commn-

222 2915 272 2974 nia
290 2922 367 2996 sunt,
391 2936 455 2977 cnm
476 2924 575 2978 tamen
593 2920 686 2979 verba
702 2920 768 2994 ipsa
789 2954 822 2962 ν-
845 2920 865 2979 i.
885 2937 910 2978 e.
930 2937 1060 2978 summae
1078 2923 1290 2980 elementorum
1311 2955 1348 2964 -

223 3002 302 3060 inter
320 3021 352 3061 se
370 3003 507 3063 differant
525 3005 588 3064 sive
607 3007 685 3065 inter
703 3023 735 3064 se
754 3009 784 3064 et
801 3023 834 3064 re
853 3009 882 3064 et
895 3005 999 3064 sonitu
1018 3005 1128 3064 distent
1147 3001 1283 3086 (diciturt
1299 3051 1305 3065 .
1320 3051 1349 3066 ..

224 3089 324 3144 tamen
341 3089 433 3147 verba
451 3089 527 3150 inter
556 3108 588 3150 se
617 3093 676 3151 alia
704 3108 741 3149 cx
769 3091 836 3150 aliis
855 3091 1064 3150 elementis
1089 3086 1245 3172 constant).
1291 3091 1351 3152 Sed

225 3171 388 3232 tolerabilis
413 3174 483 3233 mihi
507 3176 626 3236 videtur
643 3178 701 3237 ista
719 3177 822 3235 oratio.
885 3176 960 3234 Nam
987 3180 1019 3233 ut
1043 3177 1241 3236 demonstravi
1263 3195 1350 3254 repu-

224 3259 347 3333 gnantia
364 3277 422 3319 non
441 3267 546 3321 exstat.
590 3262 682 3322 Immo
707 3262 853 3320 sententia
877 3277 980 3320 versus
999 3262 1059 3319 689
1087 3261 1182 3322 (16666
1206 3263 1351 3338 excipitur

225 3345 359 3404 versibus
379 3347 544 3426 oea-943
563 3353 652 3423 atque
669 3347 724 3408 hos
743 3347 876 3425 quidem,
906 3346 932 3406 si
949 3345 1097 3425 abessent,
1116 3348 1235 3408 minime
1253 3349 1350 3424 requi-

225 3446 332 3489 rerem.
378 3430 438 3490 Sed
458 3431 490 3490 in
511 3451 560 3491 61.
581 3435 652 3492 690.
673 3436 711 3492 91
731 3439 889 3508 praeterea
916 3433 1009 3491 verba
1039 3433 1136 3511 „inter
1164 3433 1217 3494 se“
1248 3453 1351 3510 parum

224 3521 362 3575 accurate
380 3516 540 3591 iunguntur
558 3536 624 3577 oum
641 3519 739 3579 verbis
758 3520 838 3596 „alia
855 3537 893 3577 ex
910 3514 1007 3578 aliis“.
1043 3519 1127 3577 Haec
1144 3525 1242 3580 autem
1260 3520 1351 3580 offen-

224 3601 268 3661 sio
291 3602 496 3746 66665661666
521 3609 677 3664 excusatur
704 3621 738 3664 eo
757 3603 836 3679 quod
853 3608 960 3679 poetae
982 3605 1012 3661 in
1030 3605 1172 3664 memoria
1188 3604 1352 3665 haerebant

223 3707 273 3747 vv.
388 3732 395 3748 .

269 3852 276 3867 .
297 3852 305 3866 .
324 3852 332 3867 .
361 3808 467 3868 inter
485 3826 525 3868 se
544 3826 648 3868 versus
666 3827 702 3868 ae
720 3810 811 3868 verba
829 3812 981 3867 necessest

269 3891 427 3953 confiteare
445 3888 487 3974 (et
507 3911 540 3953 re
562 3898 591 3954 et
609 3894 705 3954 sonitu
723 3895 874 3954 distare
890 3889 1029 3977 sonanti).

225 4013 259 4071 ln
277 4013 324 4072 his
348 4031 407 4071 non
429 4012 516 4072 modo
536 4010 832 4092 ,661666661161666ιι
859 4018 940 4073 recte
964 4013 1081 4091 dicitur,
1109 4012 1161 4072 sed
1184 4017 1352 4088 reputemus

225 4102 317 4157 totam
347 4099 510 4158 sententiae
538 4099 800 4160 conformationem
831 4117 896 4159 csse
924 4117 999 4177 eam,
1032 4115 1108 4174 quae
1138 4100 1225 4159 etiam
1255 4099 1282 4157 ei
1315 4101 1352 4158 de

227 4202 284 4258 quo
310 4183 424 4259 agimus
448 4185 513 4244 loco
538 4185 664 4244 maxime
688 4185 843 4245 convenire
867 4185 992 4244 videtur.
1036 4185 1142 4243 Nonne
1167 4185 1259 4260 igitur
1283 4183 1353 4244 inde

227 4267 305 4344 qnod
331 4284 387 4328 non
414 4275 459 4328 est
484 4277 606 4345 recepta
629 4289 716 4346 quam
741 4271 970 4330 luculentissime
993 4274 1118 4345 apparet
1134 4287 1172 4330 ne
1189 4271 1354 4346 inspectum
