3198 4938
679 285 851 343 ..47-

245 452 287 512 Vl
306 454 368 512 714
459 454 600 514 Nilus..
629 455 708 532 rigat
736 455 905 532 Aegyptum
930 453 1090 515 medium
1119 471 1185 529 per
1213 470 1330 529 saepe

393 561 395 566 ·
1150 540 1328 600 calorem.

246 625 287 685 VI
308 625 371 684 800
389 641 434 701 sq.
835 626 935 685 solio
953 624 1095 686 ferventis
1113 626 1202 698 aquai

468 729 555 786 quam
574 711 661 771 facile
683 711 722 770 in
740 711 866 771 medio
885 711 918 770 lit
939 711 982 771 uti
1005 710 1058 770 des
1080 727 1196 785 saepe
1218 711 1328 770 ruinas.

247 796 443 872 Vl910sqq.
1026 801 1200 856 catenam

468 899 584 956 saepe
601 900 639 942 ex
656 882 760 942 anellis
778 882 878 941 reddit
894 882 1091 957 pendentibus
1109 897 1146 940 ex
1164 897 1206 940 se.

467 967 635 1042 quinque
661 968 769 1028 etenim
794 969 865 1027 lieet
889 966 1082 1027 interdum
1104 967 1262 1042 pluresque
1286 966 1329 1024 vi-

1203 1051 1273 1112 dere
1293 1095 1328 1112 ..

246 1138 287 1197 VI
306 1138 368 1195 974
387 1153 433 1212 sq.
611 1141 624 1156 ’·
811 1139 901 1198 55555
923 1155 991 1197 aere
1010 1142 1200 1216 venenumst3

466 1223 546 1297 quod
571 1240 626 1282 nos
660 1222 855 1282 interdum
885 1228 960 1283 tam
997 1240 1108 1298 quam
1146 1241 1329 1284 recreare

1200 1309 1328 1368 videtur.

204 1395 317 1469 pariter
333 1393 449 1469 accipio
465 1413 515 1453 vv.
533 1394 574 1453 Vl
592 1394 632 1452 33
651 1411 697 1468 sq.

247 1497 341 1555 genus
361 1479 517 1538 humanum
536 1478 685 1538 frustra
701 1482 931 1555 plerumque
948 1481 1087 1555 probavit

246 1567 367 1625 volvere
385 1581 520 1624 curarum
537 1565 631 1625 tristis
648 1565 678 1623 ln
696 1571 817 1641 pectore
834 1566 948 1626 555555.

204 1651 264 1712 Sed
292 1651 366 1710 haee
395 1652 531 1726 exempla
559 1649 714 1730 sufficient,
743 1658 776 1710 ut
799 1651 887 1711 ctiam
912 1669 948 1712 eo
974 1651 1011 1710 de
1034 1668 1093 1726 quo
1118 1650 1241 1711 dicimus
1263 1652 1328 1711 loeo

204 1734 393 1816 ‚,intcrdum“
410 1738 450 1796 ad
468 1738 561 1796 solum
579 1736 726 1796 obiectum
745 1738 824 1812 qnod
842 1741 888 1796 est
906 1737 987 1817 „nilo
1003 1754 1079 1811 qnae
1093 1741 1160 1797 sunt
1171 1738 1329 1798 metuenda

203 1823 298 1899 magis
324 1866 332 1882 .
356 1821 390 1881 .“
426 1822 538 1882 referre
571 1822 669 1881 liceat.
704 1856 746 1865 —
780 1825 885 1882 Restat
913 1827 945 1882 ut
980 1823 1111 1882 dicamus
1148 1822 1184 1881 de
1219 1823 1329 1898 triplici

203 1907 418 1986 significatione
446 1909 528 1966 vocis
556 1907 739 1986 „tenebrae“
767 1903 823 1990 (54
854 1929 892 1958 =
921 1909 1105 1986 ignorantia,
1135 1909 1185 1968 55.
1217 1908 1257 1966 58
1289 1929 1326 1959 =

204 1996 300 2068 caligo
325 1995 430 2072 noetis,
456 1993 496 2051 59
523 2017 561 2046 =
588 1991 705 2075 angor).
765 1994 885 2069 Negare
913 1992 990 2054 hane
1014 1993 1207 2053 variationem
1238 1993 1327 2052 mole-

202 2085 278 2139 stam
302 2095 368 2137 esse
390 2079 463 2138 nihil
493 2078 602 2138 attinet
609 2103 617 2156 3
648 2084 823 2155 argumenta
845 2084 942 2139 autem
967 2078 1030 2138 eius
1059 2078 1160 2139 iudicii
1190 2080 1240 2137 vix
1268 2081 1329 2139 nlla

203 2163 408 2238 investigabis.
468 2164 572 2238 Itaque
597 2164 669 2224 satis
695 2166 791 2224 habeo
816 2165 964 2224 monuisse
992 2170 1110 2239 poetam
1137 2165 1234 2240 ipsum
1261 2165 1329 2224 illas

204 2252 338 2310 notiones
362 2247 488 2310 fortasse
508 2267 566 2308 555
585 2266 686 2310 omnes
708 2251 858 2312 subtiliter
875 2249 1044 2310 distinxisse
1062 2244 1116 2331 (54
1134 2250 1197 2309 vita
1214 2251 1330 2310 laborat

202 2337 233 2396 iu
253 2335 395 2415 tenebris,
421 2336 461 2395 59
485 2339 629 2396 terrorem
651 2336 741 2396 animi
761 2330 973 2417 tenebrasque)
997 2340 1086 2409 atque
1108 2335 1181 2394 duas
1211 2334 1329 2410 quidem

203 2423 291 2483 etiam
316 2422 347 2480 in
369 2441 418 2483 vv.
445 2422 485 2482 VI
510 2422 647 2499 35-41,
678 2422 727 2496 qui
756 2439 814 2482 non
840 2425 999 2500 tentantur,
1025 2420 1237 2480 discernendas
1261 2439 1328 2481 esse

202 2504 254 2589 (el.
290 2509 340 2566 Br.
377 2507 428 2581 qui
462 2505 584 2565 adhibet
610 2524 660 2565 vv.
687 2507 731 2564 III
759 2502 932 2589 leo—52).
988 2506 1076 2566 Certe
1103 2511 1224 2582 propter
1252 2506 1329 2566 hane

202 2595 294 2654 solam
324 2609 387 2650 rem
414 2608 501 2651 nemo
529 2592 596 2650 illos
624 2609 673 2650 vv.
703 2597 862 2667 expunget.
919 2592 975 2652 Gn.
1004 2593 1069 2668 ipse
1097 2609 1163 2651 eum
1192 2592 1329 2652 emenda-

200 2679 260 2740 tori
286 2696 338 2739 eos
365 2678 519 2755 tribueret,
549 2681 618 2752 apte
647 2676 690 2736 cis
715 2677 896 2752 prooemium
924 2695 989 2737 eum
1019 2677 1218 2752 disputatione
1247 2677 1330 2754 iungi

201 2766 303 2826 sensit.
349 2763 409 2823 Sed
426 2781 485 2822 non
503 2761 675 2822 emendator
692 2779 744 2822 eos
761 2763 889 2838 scripsit.
934 2764 991 2837 Qui
1010 2762 1129 2838 quidem
1146 2765 1329 2840 prooemium

200 2851 268 2911 libri
294 2851 343 2929 VI,
371 2849 490 2909 eisdem
507 2849 643 2908 versibus
669 2849 847 2928 conclusum,
871 2867 890 2908 5
913 2848 1052 2908 Lueretio
1080 2849 1245 2909 absolutum
1263 2867 1328 2909 5555

202 2934 337 2996 coneedit
365 2969 407 2978 -
434 2933 491 2993 hoc
518 2937 618 2995 autem
644 2934 809 2995 concedunt
834 2951 936 2994 omnes
965 2969 1016 3013 -·-‚
1046 2934 1074 2993 ei
1092 2934 1328 2994 antecedentium

202 3020 325 3081 exordia
342 3023 380 3081 ab
398 3020 586 3080 emendatore
604 3021 742 3096 suppleta
757 3036 823 3081 esse
840 3020 1028 3080 contendenti
1041 3019 1128 3080 fidem
1143 3025 1225 3080 reete
1241 3019 1328 3080 denc-

222 3107 347 3166 abimus.
442 3119 445 3128 ’

201 3124 223 3182 g
288 3191 386 3252 Etiam
415 3190 483 3252 libri
509 3191 553 3250 111
580 3191 761 3266 prooemium
788 3191 894 3254 deletis
923 3190 982 3250 illis
1010 3190 1144 3251 versibus
1174 3186 1328 3275 (et—93)

201 3283 396 3339 truncaretur.
442 3276 507 3350 Qua
525 3276 582 3336 nisi
600 3276 687 3337 fallor
704 3295 795 3338 eausa
811 3283 908 3338 motus
926 3276 1086 3337 Goebelius
1103 3272 1135 3359 (l.
1154 3280 1175 3337 l.
1193 3296 1244 3353 pg.
1263 3274 1328 3361 27),

15 3345 17 3436 J
88 3434 90 3438 ¹
203 3365 250 3424 eui
273 3364 433 3424 assentitur
456 3364 517 3442 Bm,
544 3362 586 3423 ibi
610 3381 658 3422 vv.
683 3369 809 3438 quatuor
831 3369 945 3424 tantum
963 3364 1077 3438 priores
1105 3364 1145 3423 ad
1168 3364 1328 3439 interpola·

202 3454 297 3509 torem
321 3449 430 3509 retulit.
486 3449 546 3508 Sed
572 3447 628 3508 hoc
657 3467 715 3509 non
744 3449 840 3524 magis
865 3450 1062 3525 probaverim.
1117 3450 1222 3524 Neque
1251 3451 1327 3511 enim

204 3533 390 3617 „interdum“
415 3533 445 3593 h.
471 3535 502 3613 l.,
526 3531 703 3609 quamquam
726 3535 904 3596 antecedunt
921 3530 962 3617 (v.
982 3537 1022 3592 37
1042 3530 1122 3617 sqq.)
1146 3539 1261 3615 „metus
1279 3536 1329 3610 qui

201 3623 301 3682 turbat
324 3619 507 3680 funditus
531 3620 689 3680 humanam
715 3621 805 3680 vitam
830 3622 874 3681 ab
899 3621 988 3699 imo,
1014 3622 1140 3679 omnia
1158 3621 1328 3681 suffundens

202 3709 306 3768 mortis
331 3708 461 3784 nigrore,
486 3722 583 3780 neque
608 3707 698 3766 ullam
719 3722 785 3766 esse
805 3707 986 3781 voluptatem
1008 3705 1149 3780 liquidam
1166 3724 1327 3782 puramque

202 3792 361 3870 relinquit“
387 3793 483 3868 magis
508 3792 645 3866 displicet
670 3808 757 3864 quam
782 3791 812 3850 in
836 3793 855 3852 l.
878 3793 916 3851 11.
969 3791 1096 3852 Gravius
1118 3792 1192 3852 illud
1210 3792 1327 3866 quidem

202 3881 320 3940 videtur
346 3880 426 3955 quod
449 3883 518 3938 ante
536 3877 589 3937 hos
606 3895 655 3935 vv.
675 3876 712 3936 de
730 3881 811 3936 certo
829 3878 932 3937 mortis
950 3877 1054 3936 timore
1073 3877 1188 3956 dicitnr,
1207 3877 1237 3936 in
1254 3877 1327 3953 ipsis

15 3977 16 4004 l
83 4033 89 4038 ,
202 3970 301 4025 autem
330 3964 558 4025 inuniversum
588 3961 742 4022 derebus
770 3979 828 4022 555
857 3963 1032 4023 metuendis.
1088 3963 1148 4022 Sed
1175 3963 1241 4038 quis
1269 3982 1328 4023 555

203 4052 351 4126 extemplo
365 4051 527 4111 sententias
542 4049 585 4109 ita
596 4053 747 4108 conectet:
766 4047 899 4108 homines
909 4047 1077 4107 Acheronta
1087 4047 1181 4107 vitare
1191 4053 1328 4124 petentes

204 4153 294 4212 saepe
311 4137 370 4198 iam
382 4136 510 4212 patriam
530 4139 560 4195 et
576 4140 715 4211 parentes
729 4133 938 4213 prodiderunt;
957 4133 1092 4192 timemus
1103 4135 1180 4194 enim
1191 4135 1222 4192 in
1233 4140 1327 4195 morte

204 4227 342 4282 aeternas
359 4239 470 4298 poenas
487 4217 514 4304 (Ι
535 4218 609 4305 111)
628 4221 761 4296 aliasque
778 4218 958 4298 formidines,
985 4236 1062 4293 quae
1078 4237 1137 4278 555
1155 4220 1250 4294 magis
1267 4237 1326 4280 me·
