3198 4938
773 296 963 386 ...4-¹

286 497 453 572 opinionem
481 499 565 573 quasi
598 499 641 558 eis
665 504 753 573 poete
777 499 894 558 ornnino
924 497 1099 557 abstinuerit
1128 515 1186 554 non
1211 500 1271 554 tam
1295 498 1413 556 sustulit

287 601 375 657 quam
394 582 587 642 confirmavit.
632 585 704 642 Mihi
723 585 860 642 universo
880 584 998 642 dicendi
1024 601 1133 657 genere
1152 581 1181 639 id
1201 583 1317 642 videtur
1335 601 1412 642 com-

286 669 421 746 probari,
449 670 544 747 qnod,
573 688 611 728 uc
635 671 711 730 ultro
738 670 928 728 fundamenta
953 669 1038 728 nobis
1064 674 1248 745 evertamus,
1280 687 1316 728 ex
1341 669 1413 744 ipsis

287 754 402 829 legibus
426 755 500 814 artis
529 755 650 814 criticae
680 755 847 830 ponendum
872 759 931 814 cst:
961 755 1168 831 repetitiones,
1197 772 1273 828 quae
1298 760 1413 814 sentcn-

287 840 394 898 tiarum
412 858 489 900 nexu
512 841 695 919 flagitentur,
719 841 857 900 Lucretio
884 841 1003 918 deberi,
1028 841 1083 898 etsi
1107 858 1165 898 non
1190 841 1268 897 omni
1295 845 1415 898 careant

287 925 437 1003 molestia3
463 927 550 984 immo
573 944 632 985 non
658 944 734 1002 quae
761 927 932 1001 flagitantur
956 926 1059 1002 modo,
1085 927 1137 983 sed
1156 925 1243 984 etiam
1262 944 1338 1000 quae
1356 943 1414 984 non

288 1011 403 1090 alienae
432 1016 516 1089 sunt,
545 1013 691 1086 genuinae
720 1013 792 1070 mihi
820 1013 967 1071 videntur.
1012 1012 1057 1068 Ex
1086 1011 1277 1069 incommodis
1305 1017 1412 1088 antem,

287 1097 462 1172 pracsertim
481 1115 516 1156 ex
539 1098 698 1157 levioribus
722 1098 863 1156 orationis
886 1097 1093 1174 incommodis,
1119 1095 1193 1154 nihil
1220 1097 1345 1171 amplius
1368 1114 1415 1155 me

287 1182 399 1240 arbitro
428 1186 509 1241 recte
539 1182 716 1243 diiudicatur
745 1202 832 1258 quam
857 1202 913 1258 quo
937 1183 1002 1241 loco
1025 1200 1128 1241 versus
1158 1182 1256 1240 iterati
1280 1183 1415 1257 primitus

289 1269 348 1330 sint
366 1269 512 1327 collocati.
557 1267 670 1340 Quodsi
695 1268 925 1328 demonstratum
951 1268 1007 1328 erit
1029 1267 1196 1327 Lucretium
1220 1285 1278 1324 non
1303 1267 1414 1342 fugisse

289 1353 492 1429 repetitiones,
512 1354 584 1412 satis
603 1354 666 1413 fore
689 1355 847 1429 suspiceris
865 1354 956 1413 verbo
975 1353 1073 1412 dicere
1092 1371 1152 1431 eas,
1172 1371 1246 1427 quas
1262 1353 1415 1412 Gneissins

289 1440 397 1513 aliique
409 1440 590 1499 emendatori
598 1440 735 1499 carminis
743 1441 806 1499 sive
814 1440 1016 1514 interpolatori
1027 1440 1233 1516 attribuerunt,
1243 1438 1415 1497 referendas

289 1542 356 1584 csse
374 1524 412 1582 ad
430 1525 601 1584 Lucretium
616 1526 717 1600 ibique
731 1525 935 1584 secundarium
951 1530 1052 1584 tenere
1068 1525 1172 1602 locum,
1193 1525 1242 1584 ubi
1262 1525 1416 1584 offensioni

289 1611 358 1669 sint.
397 1610 437 1669 At
456 1629 492 1669 ne
511 1611 664 1670 molestiae
684 1611 802 1685 quidem
821 1629 896 1686 quae
914 1615 1115 1679 monstrantur
1133 1627 1233 1669 omnes
1252 1627 1414 1684 agnoscen-

291 1697 347 1755 dae
365 1694 437 1753 mihi
456 1695 608 1774 videntur,
636 1697 712 1755 aliae
731 1703 829 1755 autem
854 1715 912 1755 non
931 1696 1003 1755 satis
1021 1700 1101 1754 recte
1119 1697 1157 1755 ab
1175 1696 1241 1754 aliis
1259 1695 1415 1772 refutatae,

290 1782 448 1839 nonnullae
464 1780 591 1856 denique
609 1783 698 1840 etiam
714 1800 779 1841 esse
797 1783 935 1858 intactae,
962 1787 995 1840 ut
1017 1781 1048 1838 in
1063 1781 1194 1856 singulos
1213 1783 1293 1840 locos
1311 1782 1415 1841 iterum

290 1866 440 1941 inquirere
460 1884 579 1941 operam
598 1885 656 1925 non
674 1867 821 1942 perditam
840 1868 903 1926 fore
922 1885 1043 1942 sperare
1061 1868 1158 1925 liceat.

378 1950 436 2010 Sed
449 1956 538 2011 antea
552 1952 744 2011 fundamenta
760 1953 939 2028 quaestionis
956 1951 1078 2011 firmiter
1093 1952 1326 2011 constabilienda
1339 1957 1415 2011 sunt.

290 2040 394 2112 ltaque
412 2038 537 2112 primum
556 2039 646 2098 affero
665 2040 857 2113 repetitiones
877 2038 1036 2116 quasdam,
1057 2057 1132 2113 quae
1151 2039 1230 2096 nullo
1248 2044 1335 2112 paeto
1354 2043 1416 2122 ten-

290 2125 347 2183 tari
365 2129 497 2200 possunt,
517 2141 581 2182 cum
598 2130 649 2183 aut
665 2125 850 2183 necessariae
872 2125 930 2184 sint
946 2129 997 2183 aut
1009 2128 1097 2199 aptae
1112 2130 1202 2198 atque
1218 2124 1297 2181 omni
1310 2127 1418 2181 vacent

291 2209 537 2286 reprehensione3
565 2210 671 2268 deinde
696 2212 788 2288 tales,
816 2228 892 2285 quae
919 2228 1095 2285 quamquam
1119 2210 1262 2268 molestiis
1280 2211 1417 2268 laborant

290 2300 388 2354 tamen
408 2312 564 2368 numquam
584 2295 612 2352 in
633 2296 844 2355 dubitationem
863 2301 985 2354 vocatae
1005 2299 1087 2372 sunt,
1113 2295 1249 2369 quoniam
1274 2296 1345 2353 item
1363 2311 1418 2369 per

291 2397 323 2439 se
342 2380 434 2438 deleri
448 2385 611 2454 nequeunt.

377 2464 499 2525 Omissis
525 2466 618 2541 igitur
646 2461 782 2524 formulis
807 2465 949 2524 orationis
985 2465 1110 2539 aliisque
1144 2466 1233 2524 certis
1261 2466 1416 2524 verborum

291 2552 541 2626 complexionibus
556 2547 596 2632 ¹),
621 2553 723 2626 quales
751 2551 814 2610 etsi¹
830 2551 909 2626 apud
927 2551 1094 2610 Lucretium
1121 2554 1219 2626 plures
1245 2550 1370 2610 fortasse
1389 2555 1418 2610 ct

291 2654 344 2696 eae
363 2636 479 2711 quidem
498 2638 615 2711 saepius
634 2642 788 2695 recurrunt
811 2641 910 2695 tamen
929 2638 1008 2709 apud
1026 2638 1159 2710 quemvis
1178 2637 1350 2711 scriptorem
1373 2638 1416 2695 in-

291 2723 448 2780 veniuntur
472 2718 522 2802 (cf.
546 2723 751 2800 Albrechtius,
777 2721 979 2780 Wiederholtc
997 2723 1090 2781 Verso
1114 2723 1175 2781 und
1201 2723 1346 2782 Versteile
1369 2724 1416 2781 bei

291 2808 403 2885 Vergil,
422 2809 547 2867 Hermes
565 2809 633 2867 XVI
652 2809 838 2881 393-444,
858 2807 984 2865 maxime
1003 2803 1095 2888 402),
1121 2810 1200 2883 pleni
1225 2808 1288 2867 fere
1314 2826 1417 2868 versus

291 2894 322 2951 in
341 2911 399 2951 una
418 2893 579 2967 eademque
604 2893 860 2968 argumentatione
885 2892 915 2950 hi
938 2894 1121 2967 potissimum
1144 2895 1246 2952 iterari
1265 2895 1416 2953 videntur:

335 3014 460 3070 corpora
480 3014 544 3055 cnm
564 2998 699 3056 deorsum
716 3003 827 3055 rectum
846 2996 1005 3071 perinane
1023 2996 1202 3055 ferunturll
1221 2999 1280 3054 217

334 3117 455 3123 ———
477 3101 534 3157 qno
553 3082 639 3141 citius
713 3117 944 3124 ——--—--
1174 3083 1201 3160 ll
1220 3084 1281 3140 226

737 3186 792 3227 nec
809 3173 942 3243 tempore
961 3173 1042 3227 certo

336 3271 390 3312 nec
408 3253 529 3327 regione
547 3253 604 3311 loci
623 3258 704 3312 certa
741 3274 743 3280 ·
1236 3251 1355 3310 11259.
1376 3254 1416 3310 60

336 3426 404 3483 durn
422 3422 509 3482 facilc
527 3423 557 3482 in
573 3442 665 3483 venas
684 3425 767 3483 cibus
786 3424 879 3482 omnis
898 3423 1007 3482 inditur
1025 3430 1055 3484 et
1073 3425 1140 3484 dum
1160 3421 1186 3482 li
1207 3424 1288 3482 1125

317 3528 390 3590 ⁴nec
418 3543 874 3550 ————=-————
893 3509 1002 3568 diditur
1021 3512 1047 3570 ei
1159 3512 1186 3568 ll
1208 3511 1288 3568 1136

293 3730 322 3797 l)
338 3728 381 3781 Ex
398 3727 449 3780 hoc
466 3741 566 3795 genere
583 3728 649 3780 sunt
666 3741 689 3778 e.
708 3741 732 3793 g.
751 3725 856 3794 saepius
874 3726 1000 3780 iteratae:

396 3797 595 3877 Magnoperea
614 3811 677 3876 vera
693 3795 762 3876 lapsi
778 3795 883 3849 ratione
900 3795 1031 3876 videntur,

293 3935 382 4003 plures
396 3864 692 4000 rqgsstgessgngnffigglrlss
706 3869 862 4001 upgiuilcbis
873 3865 994 3986 glssdfflg
1011 3865 1154 3998 {affligunt
1177 3929 1306 3984 formulae
1332 3931 1416 3999 magis

293 4005 415 4072 poeticae
433 4003 525 4069 quales
542 4005 606 4055 sunt

396 4075 483 4125 morte
501 4071 574 4124 obita
590 4087 701 4138 quorum
719 4070 798 4125 tellus
816 4067 986 4137 amplectitur
1004 4069 1094 4122 ossal
1113 4069 1163 4122 135

397 4156 507 4207 quorum
524 4143 610 4192 morte
628 4139 701 4193 obita
718 4171 788 4178 —-
948 4168 1060 4175 ——
1077 4138 1115 4190 IV
1133 4137 1184 4190 734

397 4207 544 4261 Democriti
561 4207 630 4274 quod
648 4212 742 4261 sancta
758 4208 809 4261 viri
826 4208 962 4260 sententia
982 4207 1060 4274 ponit
1077 4207 1116 4258 Ill
1134 4207 1185 4259 371
1204 4206 1229 4259 V
1246 4205 1296 4258 622

400 4319 406 4330 .
426 4319 431 4331 .
449 4277 527 4345 nigra
543 4277 627 4329 virmn
645 4281 771 4344 percocto
788 4277 877 4330 saecla
894 4277 982 4329 colore
1078 4275 1115 4328 Vl
1133 4276 1193 4342 722,
1213 4276 1288 4328 1109.
